3078 4964
614 580 823 674 ζη-

216 787 286 850 dam
310 791 477 872 peregrino
498 809 538 854 aa
557 793 692 854 barbaro
717 796 934 872 perturbatam
957 795 1080 878 fuisse,
1123 795 1217 857 modo

217 897 350 958 navibus
371 895 522 981 advecto,
544 897 639 960 modo
661 907 745 961 terra
768 918 787 961 a
808 910 899 981 parte
922 902 1053 964 Sindioe
1068 922 1216 981 prorum-

215 1011 322 1084 pente,
345 1003 396 1084 qui
416 1013 450 1065 ut
473 1003 608 1066 daemon
628 1005 767 1067 describi
789 1009 918 1068 soleret.
963 1009 1029 1070 Sed
1045 1010 1217 1071 maritimas

215 1109 436 1189 expeditiones
459 1111 601 1174 Muslimi
622 1113 781 1176 adversus
802 1116 1219 1197 lndiamnunquamsusoe-

216 1223 341 1297 parunt,
364 1203 499 1295 atquae
522 1215 562 1276 de
585 1215 750 1278 daemonis
773 1218 875 1280 forma
896 1217 1074 1304 adduntur,
1104 1221 1219 1284 docent

216 1322 353 1384 fabulam
375 1341 506 1402 prorsus
529 1321 612 1383 aliud
635 1332 793 1405 spectare.
814 1325 929 1405 Neque
951 1327 1062 1388 maiori
1081 1328 1235 1390 fortasse.

129 1424 133 1436 '
215 1429 278 1491 fide
313 1409 408 1510 digna
442 1438 532 1510 sunt,
572 1448 653 1510 quae
681 1430 764 1491 idem
798 1425 922 1492 narrati
965 1432 1005 1493 de
1040 1450 1220 1514 congressu

223 1539 397 1618 principum
426 1536 605 1601 Indicorum
639 1539 670 1600 in
701 1525 820 1601 C'itora
849 1542 926 1602 urbe
955 1541 995 1604 ad
1022 1560 1220 1605 communem

218 1639 438 1704 defensionem
463 1641 714 1727 coniunctorum,
736 1645 817 1707 inter
842 1667 921 1728 quos
941 1651 1036 1710 etiam
1049 1649 1150 1711 Dahir
1163 1671 1221 1712 rex

218 1747 372 1810 Daibalae
406 1751 595 1813 nominatur.
642 1753 836 1834 Priusquam
870 1753 902 1815 hi
940 1757 1071 1816 annales
1113 1756 1222 1816 oritioe
1290 1837 1293 1843 Ι

220 1855 389 1918 examinati
411 1866 514 1940 erunt,
536 1859 668 1920 etiamsi
683 1860 765 1922 haee
784 1867 899 1922 revera
913 1862 997 1922 itain
1013 1861 1052 1922 iis
1062 1857 1131 1946 'legi
1141 1879 1223 1924 oon·

219 1961 380 2046 eedamuS,
401 1979 529 2044 semper
552 1964 727 2027 verendum
750 1973 812 2048 est,
841 1987 881 2028 ne
903 1967 979 2029 tatia
1006 1988 1048 2028 ex
1076 1967 1219 2049 ipsorum

219 2067 361 2132 Arabum
398 2072 579 2134 narratione
613 2090 632 2133 a
659 2071 889 2133 recentissimis
917 2072 1093 2132 hominibus
1122 2073 1222 2132 veteri

220 2175 371 2237 historiae
394 2173 505 2238 afficta
526 2176 598 2240 sint.
642 2177 769 2239 Certius
787 2178 849 2239 iam
874 2177 914 2238 de
936 2179 1102 2239 annalibus
1131 2177 1223 2257 Kap-

220 2281 413 2344 mirensibus
434 2282 575 2344 iudicare
596 2285 684 2366 lieet,
707 2283 737 2344 in
759 2285 886 2366 quibus,
909 2290 1087 2366 quanquam
1107 2283 1226 2345 diserta

222 2385 366 2448 Arabum
382 2386 499 2448 mentio
511 2387 694 2468 exspectari
708 2387 857 2469 debebat,
878 2388 964 2450 nulla
974 2397 1081 2450 tamen
1095 2387 1223 2469 legitur.
1317 2384 1321 2396 '

220 2499 449 2579 Exspectanda
469 2495 554 2562 euim
576 2509 645 2562 erat
672 2500 704 2560 iu
730 2519 830 2582 reguo
856 2500 1087 2581 Lalitddityae,
1132 2518 1224 2578 quom

220 2613 349 2668 narrant
369 2605 460 2666 India
482 2623 554 2666 oum
582 2605 729 2666 exercitu
762 2611 933 2683 peragrata
959 2602 1225 2681 septentrionales

222 2731 337 2774 versus
365 2713 515 2794 regiones
549 2710 726 2790 proiectum
754 2697 953 2792 Kambog'as
978 2718 1011 2771 et
1042 2708 1226 2770 Bukhdram

223 2820 358 2882 viaisse.
399 2817 578 2906 Regnavit
600 2818 629 2879 is
659 2793 836 2879 seeundum
864 2815 1025 2877 Wilsonis
1052 2815 1226 2877 ratiooina·

223 2929 353 3009 tionem,
376 2943 470 3007 quam
499 2926 551 2989 hio
577 2925 618 2988 ad
646 2943 768 3008 paucos
798 2943 901 2987 annos
929 2932 1051 2986 rectam
1080 2943 1156 2988 essa
1185 2945 1227 2985 ex
1278 2989 1280 2994 ,

224 3035 295 3098 a'iis
323 3031 497 3098 rationibus
532 3031 742 3094 demonstrari
773 3038 901 3113 potest,
942 3031 1032 3092 annis
1061 3031 1229 3094 744—750

224 3139 312 3219 Cha,
335 3156 397 3221 quo
419 3146 560 3218 tempore
581 3137 723 3198 Muslimi
751 3136 936 3198 Bukhbram
967 3136 1133 3216 tenebant3
1171 3135 1229 3198 sed

225 3263 266 3306 ne
287 3244 453 3304 levissima
474 3240 601 3324 quidem
623 3244 690 3304 eius
712 3243 758 3303 rei
779 3242 896 3303 mentio
919 3237 984 3302 flet
1021 3241 1152 3303 Revera
1174 3249 1229 3302 ta·

227 3369 299 3412 men
321 3349 461 3412 Arabum
487 3363 700 3431 progressus,
732 3349 767 3409 ‘in
796 3347 929 3409 historia
956 3349 1142 3430 neglectos,
1186 3347 1230 3406 ita

231 3513 429 3526 βαι-,Μ

292 3586 321 3634 tn
351 3585 432 3633 otlter
454 3582 597 3648 qrcorters.
635 3581 752 3639 vocem,
781 3591 859 3640 quarn
890 3579 1004 3630 reddidit
1034 3579 1231 3632 Maaretmans

295 3676 320 3726 tn
340 3690 390 3726 suo
415 3676 507 3736 codice
527 3673 671 3736 legendam
694 3676 838 3723 censuerat
855 3655 989 3724 Massurii
1011 3673 1056 3722 vel
1071 3671 1227 3732 Messallis

295 3767 350 3814 sed
374 3778 430 3814 rem
453 3777 534 3814 secus
563 3775 625 3812 esse
653 3762 770 3815 ostendit
792 3761 873 3813 cottio
896 3762 1095 3826 calonnensis,
1129 3763 1155 3813 ia
1178 3775 1231 3827 quo

297 3822 394 3904 ver&
413 3854 450 3903 ua
467 3833 567 3916 regeri
583 3855 634 3919 w,
653 3855 718 3904 irs:

378 3941 1068 4044 ffiwussffifflffidbbsffiffi
