3078 4964
302 708 393 790 gisae
414 729 445 788 p.
463 709 512 770 rtt.
541 709 617 794 dixi,
639 711 701 770 iam
729 727 812 770 anno
843 706 930 770 1836-
957 709 988 768 in
1020 705 1128 768 liiario
1155 697 1299 770 Asiatico

302 815 419 878 editam
442 835 526 878 esse.
570 815 637 877 Sed
664 816 732 877 eius
759 834 798 876 ne
833 835 928 876 unum
963 813 1088 896 quidem
1104 795 1297 892 ‘esempiu'm

302 923 444 983 Bonnam
465 923 618 1002 pervenit.
640 955 683 966 -
710 923 839 984 Librum
869 923 981 1003 'l'aqiid
1008 911 1057 998 (ἵ)
1084 941 1130 997 ua¹
1153 923 1294 994 Sbimds,

302 1028 342 1088 cs.
366 1047 395 1107 p.
416 1027 471 1104 90,
493 1043 576 1086 nunc
598 1037 686 1086 certo
708 1027 849 1088 indicare
870 1045 1023 1110 possum,
1057 1035 1226 1110 postquam
1257 1028 1297 1088 ad

300 1151 360 1194 nos
382 1133 552 1194 advectum
575 1141 627 1194 cst
648 1141 799 1224 octavum
821 1137 970 1197 volumen
992 1135 1137 1197 editionis
1164 1136 1207 1215 mj
1236 1155 1294 1197 no·

251 1269 254 1287 «
282 1231 397 1302 'ctium
420 1239 661 1300 Habicbtianae.
705 1239 799 1316 Quae
821 1241 902 1300 enim
924 1243 1024 1320 prima
1050 1243 1080 1302 iu
1112 1261 1152 1302 eo
1184 1242 1297 1322 legitur

300 1345 430 1406 historia
481 1325 555 1426 pag.
599 1347 720 1426 i-tn‘,
742 1345 811 1404 sine
833 1344 929 1405 dubio
951 1349 978 1406 is
1000 1348 1076 1408 iiber
1098 1357 1171 1428 cst,
1201 1365 1294 1427 quem

298 1461 413 1504 revera
434 1443 575 1505 Indicum
595 1461 675 1504 essov
693 1444 863 1506 confestim
892 1445 1092 1528 intelligitur3
1143 1449 1295 1529 rogina-

297 1567 370 1610 men
391 1549 432 1610 ibi
454 1559 505 1612 est
524 1551 624 1618 ahts:
645 1579 686 1600 -··
707 1551 862 1634 Reliquis,
885 1571 967 1634 quac
989 1553 1029 1614 de
1047 1553 1194 1616 Indorum
1209 1556 1295 1618 libris

296 1670 377 1730 inter
398 1671 525 1732 Arabes
546 1645 630 1734 netis
654 1672 732 1754 dixi,
754 1671 933 1736 addendum
958 1683 1021 1757 ost,
1044 1674 1140 1737 etiam
1155 1678 1294 1756 scripto-

296 1799 363 1841 rem
384 1778 480 1848 dere
501 1781 624 1841 rustica
642 1781 763 1842 laudari
790 1783 821 1842 in
842 1783 928 1844 claro
959 1777 1010 1842 illo
1038 1783 1095 1842 lbu
1120 1783 1294 1846 Alavviami

296 1883 336 1946 de
358 1885 554 1967 agricultura
576 1905 685 1968 opere,
709 1897 743 1947 ut
764 1887 859 1949 video
885 1906 926 1948 ex
950 1886 1066 1950 Casirii
1087 1888 1156 1951 bibi.
1178 1890 1291 1952 Fiscur.

294 2001 321 2078 1,
342 1997 406 2059 325
427 1997 518 2077 (nam
541 1999 581 2061 ad
602 2002 703 2081 ipsam
734 2000 839 2079 operis
869 1999 1038 2064 editionem
1066 2002 1293 2064 Madritensem

264 2188 271 2196 ἱ
294 2101 397 2164 aditus
417 2123 480 2164 uon
502 2107 615 2183 patet).
643 2105 690 2165 lbi
711 2106 886 2166 nominatur
916 2098 1070 2208 ww,
1092 2109 1290 2182 Mobrart'ua
1398 2115 1401 2119 “

294 2208 422 2263 wdone
456 2205 575 2279 Indue,
628 2203 804 2288 vetustate:
831 2225 869 2267 ue
911 2212 960 2266 rei
991 2214 1133 2270 rusticae
1176 2213 1293 2288 peritr'a

295 2310 414 2370 clarus.

374 2418 455 2499 Pag.
480 2418 542 2480 106
561 2419 606 2480 ita
627 2439 696 2498 sum
718 2421 858 2506 locutus,
881 2443 921 2486 ac
943 2428 971 2486 ai
992 2427 1072 2486 inter
1086 2443 1196 2486 omnes
1210 2443 1291 2487 con-

291 2532 408 2606 staret,
443 2528 569 2589 Arabes
598 2528 746 2590 Indorum
774 2531 997 2592 astronomiam
1039 2530 1200 2612 cognitam
1229 2527 1291 2590 ha-

291 2632 412 2715 buisse,
435 2642 606 2714 antequam
627 2637 845 2696 Ptolemaeum
872 2635 903 2696 in
924 2654 1014 2697 snam
1047 2635 1187 2718 linguam
1212 2652 1291 2694 vcr-

291 2740 393 2800 terint.
436 2742 503 2801 Iam
526 2751 633 2802 autem
661 2740 742 2820 vidi,
779 2762 880 2822 nuper
914 2742 1119 2809 idolerum
1157 2743 1199 2804 V.
1238 2743 1290 2809 ct.

291 2855 323 2910 et
351 2849 432 2909 inter
467 2859 668 2912 astronomos
706 2853 800 2914 etiam
840 2852 969 2934 liuguae
998 2852 1157 2913 Arabicae
1179 2853 1290 2931 peritia

290 2955 428 3016 maxime
442 2955 661 3040 conspicuum,
677 2958 707 3017 in
726 2958 1010 3039 commentatione,
1038 2977 1131 3039 quam
1162 2957 1202 3019 de
1224 2959 1290 3019 ori·

289 3063 364 3145 gine
389 3063 512 3126 zodiaci
541 3067 687 3148 scripsit,
717 3086 746 3146 p.
768 3067 808 3148 7,
863 3067 1053 3128 contrarium
1094 3069 1297 3148 asseruisse,

289 3169 402 3230 saltem
410 3167 457 3251 ide
465 3177 628 3252 oenatria,
638 3173 709 3232 sive
722 3175 864 3234 domitor
874 3173 1054 3253 lunaribus,
1063 3190 1145 3252 quae
1153 3173 1202 3233 'ita
1214 3190 1288 3234 cum

288 3277 509 3340 totalndornm
524 3280 716 3341 astronomia
733 3280 915 3361 cohaerent,
932 3287 966 3340 ut
980 3277 1108 3339 Arabes
1122 3296 1179 3340 eas
1195 3278 1289 3340 simui

289 3403 361 3446 cum
370 3384 491 3465 reliqua
498 3387 692 3446 astronomia
700 3367 883 3464 acceperint
894 3404 1029 3446 necesse
1038 3386 1089 3446 sit.
1107 3383 1198 3448 Unde
1207 3402 1288 3463 opo-

288 3489 483 3572 raelprctium
492 3485 678 3574 duco,!banc
690 3511 756 3552 rem
767 3492 906 3570 pluribus
914 3492 1217 3572 exponerc.Annus,
1226 3508 1298 3570 quo*

286 3597 490 3660 Muhemmed
500 3598 644 3659 Aifazriri
653 3597 860 3660 Sindhindnm
868 3601 1093 3678 interpretatus
1102 3607 1162 3672 est,
1174 3619 1216 3658 ex
1227 3599 1287 3658 At-

287 3702 400 3764 koftuii
409 3707 479 3764 loco
488 3702 574 3783 apud
582 3723 668 3784 mep.
681 3703 888 3764 102exbibito
896 3711 1001 3764 certus
1010 3702 1045 3762 fit
1057 3700 1134 3783 ,ituit
1144 3704 1287 3764 cerrtesi·

287 3833 356 3876 mus
369 3818 649 3898 quinquagesimus
659 3821 783 3897 sextus,
794 3813 1286 3897 regnanteMancdrokbalifa,a
1329 3805 1334 3810 ’

168 3990 171 3995 ,
286 3943 347 4004 quo
369 3942 465 4002 quum
487 3925 564 3985 liber
586 3924 712 4005 publica
734 3923 927 3985 auctoritato
956 3921 1122 3982 donaretur
1151 3920 1222 3980 inde
1245 3921 1285 3980 ab

170 4026 172 4030 ⁴
287 4051 325 4093 eo
352 4039 493 4110 ternpore
529 4032 676 4094 Indorum
706 4029 745 4090 de
783 4028 941 4091 sideribus
969 4029 1113 4090 doctrina
1140 4027 1284 4089 omnibus
