3078 4964
693 557 733 566 ..-
779 539 833 585 xn'
879 557 918 567 ...-

315 703 366 766 bic
383 705 415 766 in
437 724 497 767 aruo
519 705 693 768 subsistam
715 709 861 787 exemplo
882 725 984 787 eoque
1004 708 1109 784 inagis
1135 705 1175 766 ad
1203 705 1308 785 pbilo-

315 786 442 870 logiam,
466 805 560 867 quam
583 788 623 848 ad
646 792 869 851 astronomiam
891 789 1074 870 pertinente.
1104 789 1140 849 Id
1163 787 1313 866 praebent

315 869 478 950 sIgnorum
500 869 626 932 zodiaci
648 873 784 954 nomina,
807 892 888 954 quae
909 879 1018 951 aperte
1046 871 1172 931 Arabes
1202 889 1263 930 non
1294 888 1313 928 a

318 950 466 1030 Graecis,
489 951 548 1012 sed
569 955 609 1013 ab
639 954 727 1014 Indis
766 956 897 1016 mutuati
935 964 1025 1031 sunt,
1068 953 1195 1014 Arabes
1221 952 1313 1030 enim,

317 1035 369 1096 ubi
389 1035 514 1114 utrique
542 1034 753 1118 dissentiunt,
798 1038 896 1099 Indos
927 1045 1110 1116 sequuntur.
1153 1035 1346 1113 Aquarius·

317 1117 395 1196 ipsis
416 1120 570 1195 amphora
602 1126 664 1198 est,
675 1121 792 1208 jair,
835 1129 870 1180 ut
898 1118 984 1180 Indis
1003 1142 1085 1214 ἕω,
1129 1118 1315 1200 sagittarius

317 1219 557 1306 orciecwa'li,
580 1224 613 1278 ut
680 1221 689 1294 ‚'
715 1237 775 1279 nec
799 1217 878 1278 duos
902 1218 1008 1298 pisces
1030 1221 1228 1298 agnoscunt,
1259 1211 1315 1272 sed

317 1337 432 1400 unum,
456 1299 653 1405 c,l⁵.‚lnd1s
717 1362 723 1375 .
763 1315 881 1400 Eorum
904 1314 1063 1375 nominum
1083 1312 1167 1392 apud
1189 1313 1316 1373 Arabes

318 1416 398 1477 ratio
419 1415 502 1475 baec
523 1425 585 1495 est,
607 1424 643 1475 ut
664 1415 759 1476 etiarn
781 1411 927 1476 Graecas
957 1412 1197 1495 designationes
1220 1408 1314 1472 adbi-

319 1498 428 1577 beant,
450 1504 483 1558 at
505 1499 677 1572 rarissime,
702 1505 734 1557 et
755 1515 915 1575 nunquam
937 1497 967 1556 in
997 1495 1100 1576 signis
1131 1496 1209 1573 ipsis
1236 1493 1318 1556 indi-

319 1580 440 1639 candis.
484 1579 590 1640 Huius
618 1580 663 1640 rei
696 1583 845 1659 tanquam
880 1578 1072 1657 locupletem
1104 1585 1219 1637 testem
1256 1577 1319 1636 cito

318 1663 423 1740 ipsum
443 1657 599 1722 Idelerum
620 1663 651 1721 in
678 1661 755 1722 libro
783 1659 866 1721 laud.
894 1679 923 1739 p.
959 1661 1026 1721 185.
1055 1659 1123 1721 196.
1151 1658 1226 1720 ⁶204.
1269 1660 1315 1719 Ita

319 1741 563 1823 Alfargbtniua
586 1743 803 1804 Ptolemaicac
825 1742 987 1804 doctrinae
1008 1750 1161 1822 sectator,
1184 1742 1320 1801 ubicun-

320 1845 381 1906 que
403 1825 587 1904 signiferum
609 1834 847 1905 commemorat,
870 1844 932 1885 non
952 1821 1104 1905 Graecis,
1126 1822 1184 1883 sed
1200 1821 1319 1883 Indicis

319 1907 380 1968 illis
403 1907 579 1967 nominibus
602 1908 708 1969 utitur.
750 1907 819 1970 Res
840 1907 992 1986 explicari
1019 1925 1080 1966 nou
1109 1914 1230 1986 potest,
1261 1904 1321 1965 nisi

321 1997 490 2067 statuatur,
513 1998 589 2050 tunc
611 2004 707 2069 quum
729 1991 923 2052 astronomia
945 1987 1073 2050 Graeca
1092 1989 1320 2068 innotesceret,

320 2071 447 2134 numina
468 2072 577 2134 Indica
597 2072 658 2134 iam
681 2074 724 2134 ita
747 2073 864 2133 usitata
884 2072 996 2150 fuisse,
1027 2080 1062 2133 ut
1091 2071 1166 2150 pelli
1200 2071 1318 2151 nequi-

320 2161 399 2216 rent.
444 2155 520 2232 lpse
542 2155 688 2216 Idelerus
709 2157 741 2216 in
765 2155 842 2215 libro
865 2172 936 2235 suo,
959 2174 1051 2235 quem
1061 2153 1200 2234 scripsit,
1222 2172 1318 2232 quum

321 2237 379 2296 vix
401 2255 484 2316 upus
505 2238 557 2298 vel
579 2239 657 2298 alter
679 2239 709 2297 in
732 2238 852 2298 nostrIs
880 2237 1062 2317 regionibus
1093 2235 1133 2296 de
1161 2236 1321 2297 sauskrita

322 2319 431 2398 lingua
453 2320 621 2402 cogitaret,
644 2323 717 2400 post
740 2321 942 2399 Scaligerum
971 2317 1090 2379 frustra
1115 2319 1166 2378 illa
1197 2320 1323 2379 nomina

321 2401 483 2481 explicare
505 2405 648 2464 tentavit.
691 2404 828 2474 linthium
851 2409 1042 2462 autemnon
1065 2410 1135 2481 ost,
1165 2402 1239 2483 quio
1270 2402 1320 2461 si-

321 2483 386 2544 mul
410 2501 482 2544 cunr
504 2485 660 2568 signifero
684 2475 767 2546 indm
790 2490 1004 2545 conobro-om
1027 2485 1153 2561 orbem,
1188 2485 1241 2566 qui
1262 2486 1320 2546 ln-

321 2565 371 2626 dis
393 2566 540 2646 proprius
561 2575 624 2649 est,
655 2569 693 2628 ab
727 2568 765 2628 iis
795 2567 1005 2646 cognoverint
1034 2567 1171 2627 Arabes.
1218 2565 1320 2644 Quem
1372 2607 1379 2622 .

322 2649 381 2708 nisi
402 2648 464 2709 iam
486 2669 617 2728 prorsus
639 2651 698 2710 sibi
721 2647 964 2726 vindicaverint,
990 2648 1045 2730 qui
1065 2647 1136 2708 fieri
1153 2651 1263 2728 potuit,
1287 2657 1323 2709 ut

323 2749 395 2792 eum
426 2727 575 2792 Graecae
605 2731 769 2793 doctrinae
797 2731 1046 2818 immiscuepiot,
1081 2731 1111 2791 id
1138 2732 1225 2810 quod
1259 2733 1323 2792 iarn

323 2808 488 2872 Mamimis
520 2820 664 2892 tempore
692 2813 731 2874 ab
761 2813 985 2896 Alfargbmnu,
1014 2814 1190 2876 Ptolemaei
1219 2815 1324 2893 epito-
1392 2817 1403 2830 “

323 2901 455 2975 mature,
478 2894 684 2956 factumesse
706 2895 863 2957 videmus.
886 2930 927 2942 -
948 2898 1127 2956 Hocunum
1143 2895 1241 2977 addo,
1264 2915 1324 2976 eo,-

323 2991 395 3052 dem
417 2991 510 3053 modo
532 2994 608 3053 mibi
627 2995 723 3056 etiam
743 3015 858 3056 nomen
879 2995 1078 3075 geminorum
1100 2983 1191 3092 ‚ljgl
1220 2996 1323 3093 expli·

324 3089 458 3153 candum
479 3091 592 3177 videri,
616 3094 700 3173 quod
713 3102 822 3174 aptam
837 3095 1064 3176 etymologiam
1073 3095 1244 3157 Arabicam
1260 3112 1322 3152 nou

323 3176 464 3254 praebet.
506 3175 594 3237 Indis
615 3195 676 3237 non
700 3185 777 3237 sunt
797 3176 926 3257 gemini,
949 3176 1008 3236 sed
1035 3177 1133 3237 maris
1161 3187 1194 3237 et
1227 3174 1323 3236 lemi-

323 3275 384 3318 nae
406 3277 478 3337 par:
499 3261 591 3355 &3⁷¹²
603 3303 614 3340 ,
637 3257 721 3320 unde
743 3261 805 3319 iam
829 3259 901 3320 clim
925 3259 998 3319 milii
1022 3259 1053 3318 iu
1074 3267 1212 3320 ruentem
1223 3257 1323 3336 venit,

323 3355 399 3416 illud
419 3344 504 3458 '333⁸
524 3376 600 3420 esse
628 3379 686 3439 pro
706 3362 831 3461 imit,
867 3355 952 3440 quod
982 3375 1001 3418 a
1030 3357 1139 3416 radice
1160 3362 1209 3470 at,
1239 3355 1325 3420 deri-

324 3454 461 3516 vandum
495 3456 628 3518 candem
662 3475 733 3521 cum
768 3463 876 3524 Iudico
907 3464 1031 3524 nomine
1060 3461 1207 3541 significa
1221 3459 1323 3517 ionem

324 3536 477 3598 babuisse
498 3546 614 3618 potest.
659 3543 749 3602 'Iunc
772 3546 898 3623 quidem
922 3543 1040 3625 ailquid
1063 3543 1148 3603 dubii
1170 3541 1324 3621 restabat,

325 3620 444 3682 certius
466 3631 573 3682 autem
594 3642 678 3684 nunc
698 3623 782 3687 hauc
803 3629 1016 3689 coniecturam
1039 3643 1199 3706 propono,
1231 3628 1326 3702 post-

326 3719 421 3782 quam
443 3705 546 3766 sImile
568 3706 599 3766 in
621 3705 734 3768 eudem
757 3711 857 3771 verbo
878 3701 984 3771 in'veni
1010 3710 1192 3788 exemplum
1221 3701 1324 3781 iumj·

326 3786 464 3847 noctium
493 3787 775 3851 Habichtianarum
802 3792 866 3860 vob
898 3792 988 3854 VIII.
1020 3792 1060 3853 cf.
1091 3789 1217 3865 Gloss.;
1261 3786 1324 3845 aliu

326 3865 436 3943 habet,
459 3871 603 3948 quernis
626 3869 744 3956 laudat,
767 3873 916 3956 Ilumbay
939 3867 1325 3937 Grammorauro-Arab·

326 3969 357 4030 p.
379 3950 408 4010 7.
451 3950 503 4012 Ad
525 3951 653 4015 radices
676 3955 720 4016 ita
741 3954 958 4018 deflectendus
988 3959 1028 4019 ab
1050 3957 1170 4037 origine
1201 3953 1328 4030 linguae

214 4077 219 4084 .
329 4031 502 4114 Semiticae
539 4044 615 4098 sunt
641 4056 834 4118 propensae;
857 4040 898 4100 cI.
921 4057 1018 4128 a»,
1044 4058 1135 4152 coa,
1162 4037 1202 4096 al.
1224 4035 1328 4095 Prae·-

327 4139 415 4192 terea
437 4131 518 4192 inter
540 4185 566 4248 δ’
588 4145 620 4195 et
633 4168 653 4236 ,-
675 4137 785 4200 literas
806 4139 962 4219 quaedam
985 4148 1035 4201 est
1059 4137 1218 4220 coguatio.
