3002 4962
713 517 1017 616 ..200..='

326 733 430 798 madio
451 737 481 798 in
502 737 620 818 templo
641 747 724 821 stat,
754 735 813 798 seu
838 753 941 816 nequa
962 733 1097 813 pedibus
1116 741 1222 794 terrae
1243 734 1324 793 inni·

327 865 404 908 xum
429 865 535 929 nequo
555 848 622 908 loro
638 847 776 928 quodam
790 863 927 926 superne
940 861 1131 925 suspensum
1148 852 1208 904 est.
1231 841 1324 920 Quare

328 972 381 1016 res
405 955 497 1018 ‘ludis
529 957 726 1018 venerationi
762 963 848 1034 orat3
883 953 941 1014 seri
976 953 1073 1016 etiam
1108 953 1224 1032 unique
1255 951 1327 1012 sive

328 1061 479 1123 Muslimo
499 1063 572 1124 sive
591 1061 726 1145 intldeli,
756 1061 809 1141 qui
829 1059 904 1122 illud
927 1061 958 1120 iu
982 1073 1056 1120 aare
1076 1057 1220 1138 pendens
1248 1075 1327 1118 oon-

329 1168 502 1251 spioiobat,
549 1171 629 1232 mira
660 1168 839 1231 videbatur.
881 1165 950 1228 ludi
984 1166 1046 1227 buo
1072 1167 1328 1247 peregrinantur:

172 1264 176 1272 ’
235 1345 238 1352 ,
331 1276 447 1354 quavis
476 1281 573 1337 noeto
600 1275 727 1355 eclipsis
748 1277 820 1357 plus
846 1293 942 1355 quam
963 1283 1088 1336 eentum
1110 1273 1204 1333 millia
1225 1271 1329 1340 bomi-

333 1398 408 1440 num
439 1379 481 1441 ibi
516 1388 715 1462 congregata
743 1387 828 1441 sunt.
877 1377 1060 1442 Credebant
1088 1377 1175 1459 tnui,
1208 1375 1330 1438 animos

280 1479 517 1565 &corporibus
546 1486 665 1547 reliotis
699 1505 738 1547 eo
766 1485 939 1548 eonvenite
968 1493 1000 1546 ot
1030 1503 1050 1547 a
1086 1483 1148 1544 deo
1181 1484 1211 1544 in
1247 1483 1330 1544 aliud

330 1591 491 1674 quodlibet
518 1593 697 1666 transferri,
731 1580 906 1653 seeundum
928 1592 1101 1654 doctrinam
1124 1609 1250 1673 eorum,
1281 1591 1330 1669 qui

329 1699 505 1761 animorum
528 1701 748 1780 migrationem
775 1698 909 1777 (locent3
936 1703 1102 1777 praeterea
1122 1714 1210 1758 mare
1232 1711 1331 1756 aooe-

330 1803 433 1876 dendo
455 1815 487 1866 et
509 1803 687 1865 recedendo
699 1803 826 1865 idolum
845 1805 991 1864 venerari
1012 1803 1173 1882 putabant.
1210 1803 1330 1865 Omnes

328 1929 383 1972 ros
394 1913 553 1991 pretiosas
563 1928 620 1990 pro
634 1909 716 1972 douo
732 1909 909 1972 afferebant
922 1913 955 1970 'et
967 1909 1088 1972 reditus
1104 1929 1124 1970 e
1143 1912 1213 1990 plus
1235 1928 1327 1990 quam

330 2016 443 2077 deoem
471 2015 605 2076 millibus
640 2015 788 2077 vicorum
824 2025 927 2078 statos
956 2017 1157 2078 simulacrum
1183 2013 1330 2078 habebat.

332 2120 461 2184 Habent
483 2123 631 2204 bravium,
654 2141 749 2203 quem
771 2132 982 2204 venerantur,
1006 2121 1162 2185 ducentas
1175 2141 1332 2202 parasan-

332 2245 394 2310 gas
415 2248 436 2290 a
456 2225 615 2292 Sunianat
636 2237 813 2309 remotum,
854 2229 937 2290 tando
958 2230 1096 2310 quotidie
1117 2248 1200 2311 aqna
1220 2229 1265 2310 ad
1283 2231 1332 2291 la-

332 2335 472 2396 vandam
495 2334 620 2400 domum
642 2337 843 2398 afferebatur.
880 2338 950 2399 Sex
971 2337 1065 2400 millia
1086 2339 1329 2398 Brabmanarum

333 2443 401 2506 eius
423 2443 594 2507 ministerio
617 2453 648 2506 et
670 2462 767 2506 curae
788 2443 1023 2507 advenientium
1046 2443 1205 2507 destinata
1227 2453 1330 2524 erant3

333 2551 526 2634 quingentae
555 2543 687 2613 ancillae
714 2553 745 2640 in
772 2551 889 2632 templo
916 2552 1074 2612 canebant
1102 2559 1135 2612 et
1164 2551 1330 2613 saltabant.

282 2641 284 2648 Α
334 2661 377 2720 lli
402 2674 515 2723 omnes
543 2679 585 2721 ex
613 2658 688 2721 idoli
707 2657 860 2720 retbtibus
880 2658 1127 2720 sustinebantur.
1169 2659 1331 2739 'l'emplum

333 2775 442 2830 autam
477 2768 704 2848 quinquaginta
735 2784 797 2827 sex
830 2767 986 2827 columnis
1012 2765 1121 2827 tultum
1151 2774 1221 2828 erat
1248 2765 1332 2847 ligno

213 2893 215 2904 ¹
332 2875 482 2936 teutonas
498 2863 669 2936 exstructis
686 2882 719 2935 et
733 2873 857 2954 plumbo
873 2873 1036 2953 obduotis3
1057 2873 1161 2934 lorniri
1176 2873 1346 2935 simulacri

335 2981 491 3044 obscurus
519 2981 752 3044 illuminabatur
771 2981 870 3043 radiis
891 3000 1037 3063 gemmae
1057 2999 1237 3064 supremae,
1253 2979 1332 3062 apud

334 3106 426 3169 quam
440 3098 554 3152 eatena
563 3109 661 3151 aurea
670 3089 868 3170 dependebat
876 3089 1081 3153 dtroentarum
1090 3093 1243 3153 minarum
1252 3111 1332 3172 pou·

335 3197 396 3258 dus
411 3197 532 3259 habens
540 3243 552 3281 ,
564 3217 647 3279 quae
664 3199 985 3280 quavisnoetisparte
998 3201 1110 3279 elapsa
1129 3197 1333 3277 mutabatur3¹

336 3303 431 3366 simul
453 3305 657 3367 tintinnabula
679 3307 851 3390 sonabant,
875 3308 966 3368 alium
990 3307 1238 3368 Brabmanarum
1259 3327 1333 3388 par-

337 3421 404 3474 tem
426 3409 466 3474 ad
488 3427 613 3474 sacrum
634 3414 840 3476 ministerium
861 3415 1022 3476 vocantia.
1066 3413 1200 3476 Sulthaiu
1220 3414 1334 3477 Yamiu

337 3515 481 3580 aldaulah
510 3513 665 3579 Mabmtid
698 3519 761 3580 ben
800 3517 1004 3601 Sabulrtigirr·
1023 3527 1190 3600 postquam
1204 3519 1333 3581 'lndiam

336 3626 483 3710 subegit,
520 3623 670 3708 flagravit
712 3624 815 3687 studio
863 3623 1068 3706 expugnandi
1112 3615 1333 3707 Sirmanatum,

337 3753 472 3815 sperans
495 3735 564 3797 fore
590 3743 625 3796 ut
647 3733 744 3796 ludos
766 3733 806 3796 ad
828 3733 978 3796 lslamum
1000 3733 1254 3812 amplaotoudum
1275 3731 1334 3794 ad·
1362 3715 1363 3723 ἵ

336 3975 339 3978 -
361 3939 388 4003 t)
404 3941 479 3988 llaec
496 3939 638 4000 descriptto
655 3940 690 3988 ud
710 3939 823 3998 verbum
845 3938 1012 3988 conveniens
1035 3937 1138 4000 legitur
1160 3937 1241 3987 etlam
1264 3937 1332 3998 aput

400 4025 588 4078 btirkbonrlum
611 4027 680 4079 llist.
703 4027 805 4080 Gbaan.
833 4030 869 4077 7⁵
893 4029 983 4086 wilk,
1005 4031 1154 4092 utrunque
1176 4031 1331 4092 sor-iptorem
