3042 4966
561 470 784 542 ¹„nae--

174 643 372 733 efformavit,
407 659 516 719 notua
539 657 758 736 procreatione
789 658 955 736 utilitatem
982 661 1173 742 perceperit,

173 755 228 816 vel
247 775 421 830 nomaso
442 758 590 829 montrum
609 771 749 827 ,avertat
776 765 867 829 nobis
897 786 916 830 e
943 764 1061 829 mundo
1091 784 1174 830 eva·

172 864 378 928 noscentibus
399 865 696 952 veteranionem,
732 870 786 954 cpi
811 890 891 956 nos,
921 872 1108 936 necessitati
1135 890 1176 934 ao

177 963 348 1035 defectioni
378 973 580 1052 ,obnoxius
616 976 659 1038 sit
705 985 737 1038 et
786 977 871 1056 'num
919 987 1087 1061 exemptus
1134 977 1178 1039 sit

177 1075 219 1145 de
247 1079 332 1141 omni
358 1081 532 1147 mutatione
559 1090 658 1170 atque
679 1079 748 1163 ‘qno
782 1083 877 1146 modo
905 1103 964 1148 nos
986 1085 1114 1148 aboleat
1142 1091 1175 1144 et
1279 1064 1284 1075 ⁶

135 1176 275 1266 stelin,
308 1196 480 1268 postquam
514 1188 730 1276 exstiterimus
766 1195 799 1250 et
835 1191 901 1252 nati
934 1191 1045 1253 simus.
1087 1187 1177 1267 Dixit

172 1291 294 1384 primos
314 1301 348 1361 ot
369 1295 772 1378 spectatissimusoorum:
792 1317 869 1360 num
888 1297 1001 1360 vidisti
1013 1299 1119 1376 unum
1133 1313 1175 1356 ex
1283 1339 1285 1344 s

65 1467 67 1470 ,
172 1395 366 1482 hominibus,
387 1401 514 1480 quires
534 1410 726 1483 apparentes
747 1411 780 1466 et
794 1404 938 1482 occultas
956 1423 1035 1474 vere
1049 1419 1176 1486 cogno·

173 1501 271 1584 verit,
295 1502 340 1564 ita
360 1511 406 1585 ut,
432 1504 506 1584 quid
526 1507 673 1586 voluerit,
699 1507 901 1588 attigeritet
918 1509 951 1569 in
972 1507 1089 1578 fiducia
1115 1523 1175 1572 ao·
1247 1510 1253 1544 ³

173 1609 342 1688 quiescere
361 1606 525 1691 potuerit?
568 1613 688 1684 Statuit
712 1615 807 1690 alter:
840 1614 871 1692 si
898 1615 1055 1680 creatoris
1081 1616 1179 1694 sapi-r

137 1766 142 1772 .
173 1715 275 1810 entia
292 1717 325 1782 io
349 1735 412 1781 una
440 1720 674 1782 emanationem
703 1719 750 1808 ad
772 1727 951 1783 extremum
979 1719 1176 1801 perveniret,

172 1828 205 1890 in
226 1815 266 1886 ea
288 1822 435 1887 defectus
457 1819 559 1907 esset,
579 1842 685 1905 neque
706 1825 915 1906 attingeretur
935 1843 1073 1910 scopus,
1103 1825 1204 1906 ipsa?

172 1933 355 1996 defectione
375 1932 408 1994 id
429 1931 624 2012 prohibente.
669 1933 797 1996 'fortius
819 1933 948 2012 sapiens
969 1928 1092 2002 docuit:
1114 1953 1176 1994 ne·
1249 2004 1259 2026 .

173 2058 269 2105 cesse
291 2049 343 2101 est
364 2040 551 2120 incipiamus
573 2041 709 2101 anostri
721 2041 860 2121 ipsorum
876 2027 1072 2122 cognitione,
1094 2057 1176 2121 quae

173 2147 264 2210 nobis
288 2145 424 2208 omnium
445 2163 549 2207 rerum
570 2147 708 2208 maxime
730 2148 904 2234 propinqua
921 2157 989 2227 est,
1014 2135 1091 2213 nulli
1122 2158 1171 2213 rei

149 2269 234 2332 xnos
256 2251 395 2332 aptiores
418 2269 528 2313 sumus
547 2269 609 2313 nec
635 2253 698 2314 ullo
725 2251 817 2313 nobis
844 2258 895 2314 est
922 2252 1172 2335 convenientior,

173 2366 343 2439 antequam
364 2358 518 2420 scientiae
539 2376 642 2418 rerum
662 2361 867 2421 remotiorum
881 2337 1062 2421 'vacamusss
1092 2360 1176 2422 'l'um

172 2473 306 2548 quartus
327 2463 422 2526 dixit:
440 2465 508 2527 Iam
522 2441 604 2525 male
618 2479 655 2522 se
678 2463 787 2546 habet,
811 2465 862 2543 qni
883 2484 922 2525 eo
942 2465 1106 2545 pervenit,
1141 2471 1176 2524 nt

88 2573 91 2578 ’
172 2573 345 2663 suiipsius
368 2559 550 2653 cognitione
571 2571 600 2632 ei
622 2588 701 2652 opus
731 2579 828 2633 esset.
870 2569 1002 2632 Addidit
1036 2560 1172 2652 quintus,

170 2677 255 2774 inde¹
264 2679 480 2764 necessariam
501 2696 575 2740 esse
598 2677 850 2739 coniunctionem
881 2681 952 2736 'cum
981 2674 1084 2739 doctis
1115 2659 1174 2738 sa2

170 2786 288 2868 pientia
326 2763 520 2868 conspicuis.
562 2785 688 2846 Monuit
725 2783 838 2871 deinde
875 2779 990 2846 sextus
1029 2783 1172 2866 sapiens,

171 2894 242 2961 viro
261 2912 354 2958 snam
374 2894 474 2975 ipsius
500 2894 636 2956 salutem
664 2892 795 2954 innitentix
810 2873 992 2974 convenire,
1034 2900 1069 2953 ut
1097 2891 1173 2952 talia

171 3019 235 3064 non
255 3003 408 3083 negligat,
433 2994 622 3082 praesertim
646 3021 742 3082 qnnm
762 3001 794 3062 in
819 2983 1028 3076 boemundo
1052 2996 1173 3059 maneri

171 3117 322 3192 nequeat,
349 3108 471 3170 sodex
499 3127 537 3170 eo
570 3105 697 3170 tandem
725 3103 905 3168 exeundum
933 3105 985 3164 sit.
1027 3105 1172 3185 Denique
1214 3137 1252 3170 r,

170 3218 348 3301 septimun,
370 3213 459 3298 nihil,
481 3217 590 3298 inquit,
612 3215 717 3296 exiis,
734 3233 818 3295 quoe
847 3213 1024 3294 loquimini,
1051 3213 1171 3274 inteili-

170 3342 229 3408 go,
246 3325 308 3388 nisi
328 3342 381 3386 me
401 3323 431 3383 in
452 3300 602 3386 mundum
622 3321 780 3406 prodiisse
807 3329 932 3402 praeter
960 3299 1170 3400 voluntatem,
1277 3346 1280 3353 ·

168 3427 203 3496 io
222 3447 261 3490 co
285 3427 399 3492 vivere
435 3407 540 3508 animo
568 3428 689 3488 incerto
719 3433 752 3486 et
781 3443 858 3502 eurn¹
883 3425 1064 3486 relicturum
1095 3439 1170 3485 esse

168 3535 313 3598 invitam.
353 3533 423 3596 Indi
444 3535 562 3616 antiqui
583 3541 616 3594 et
627 3532 829 3594 recentiores
851 3529 891 3592 de
911 3531 1024 3592 horum
1045 3539 1169 3608 septem

101 3667 105 3674 ·
170 3641 295 3721 placitis
314 3642 404 3702 varie
423 3641 505 3702 inter
525 3659 563 3702 se
584 3638 799 3717 dissederunt5
834 3636 968 3717 quisque
990 3652 1048 3695 eos
1069 3637 1168 3695 secu-

170 3755 223 3811 tus
244 3747 417 3808 doctrinam
440 3765 550 3808 eorum
571 3740 728 3824 excoluit3
751 3741 864 3806 deinde
878 3741 1023 3804 studiose
1044 3739 1084 3802 de
1103 3759 1168 3804 va-

168 3854 224 3922 riis
244 3861 406 3936 sectarum
426 3853 553 3935 placitis
575 3845 786 3936 disputarunt,
805 3868 935 3932 quarum
957 3866 1105 3910 numerus
1125 3848 1168 3916 ad

187 4009 384 4078 onerosam
401 4013 494 4062 enen
512 4011 642 4076 omno,
660 4011 695 4062 or.
712 4009 827 4074 mapal-
843 4021 868 4069 r.
887 4005 932 4056 ao.
1039 4032 1041 4038 ψ
