3042 4966
761 459 985 567 ...190-

369 651 427 754 rex
448 703 520 749 eum
540 685 652 764 triplici
673 702 797 749 summa
817 683 963 768 mulctat,
984 683 1075 754 cuius
1105 699 1264 764 unapars
1293 697 1366 742 ere-

272 793 278 810 ¹
370 790 481 872 ditori,
518 791 599 854 duae
628 792 770 873 reliquae
797 792 868 872 regi
895 790 1073 872 obtingunt.
1115 783 1218 870 Regis
1253 788 1366 854 mortui

370 915 498 977 eorpus,
520 915 616 959 arcae
637 917 679 958 ex
701 897 796 958 ebore
813 897 871 956 uel
896 897 1022 958 aautan
1050 877 1160 958 sactae
1187 895 1367 974 impositum

371 1011 528 1068 crematur
557 1021 617 1064 nec
645 1003 685 1063 ab
712 1021 751 1069 eo
772 1001 894 1064 recedit
921 1003 991 1066 eius
1019 1022 1101 1068 uxor
1127 1001 1186 1064 sed
1214 1019 1279 1062 una
1304 998 1370 1081 igni

371 1115 606 1170 consumuntur.
648 1109 684 1168 In
713 1107 775 1170 hae
810 1089 915 1170 insula
944 1109 1045 1172 omnis
1072 1108 1201 1190 generis
1226 1115 1370 1168 vomam

372 1223 406 1274 et
425 1213 631 1275 odoramenta
651 1221 740 1296 sunt,
764 1223 797 1276 et
813 1214 1027 1297 agaliochum‚
1049 1234 1115 1279 nux
1129 1197 1252 1294 Indica,
1267 1211 1368 1276 mmet

373 1319 551 1401 capreolus,
573 1320 682 1399 plures
703 1318 878 1400 hyacinthi,
901 1322 969 1382 auri
990 1327 1024 1380 et
1050 1320 1176 1410 argenti
1203 1318 1310 1394 fodino
1339 1325 1371 1378 et
1415 1393 1417 1400 y

373 1427 516 1506 ρὶεοιαυε
552 1427 803 1507 margaritarum.
847 1426 899 1488 Ad
926 1427 1112 1508 prophetam
1141 1427 1204 1488 heo
1238 1425 1371 1486 refertur

373 1531 506 1594 dictum:
527 1533 793 1612 praestantissimi
813 1534 966 1616 locorum,
989 1531 1031 1594 ad
1049 1550 1130 1612 quos
1152 1549 1291 1613 unquam
1309 1527 1372 1590 acti

374 1646 451 1698 aunt
472 1639 597 1720 cameli,
618 1639 835 1720 suntMecca,
858 1638 921 1699 hoc
943 1656 1049 1698 meum
1064 1637 1212 1717 templum
1234 1645 1268 1696 et
1288 1643 1370 1694 tem-

374 1746 458 1826 ptum
479 1746 511 1806 iu
529 1746 624 1820 terris
649 1745 801 1808 ultimum.
826 1746 861 1806 to
882 1745 1104 1823 'l'aprobanam
1124 1743 1259 1804 insulem
1280 1741 1371 1827 Ada-

375 1867 449 1911 mus
468 1857 577 1910 nostor
599 1851 735 1920 omnium
756 1856 848 1928 pater
865 1847 1024 1914 demissus
1045 1856 1119 1928 est,
1146 1857 1179 1908 et
1199 1849 1232 1907 iu
1253 1865 1293 1908 ea
1314 1861 1371 1926 pes

332 1977 339 1986 ,
376 1953 447 2012 cius
475 1969 557 2013 unus
584 1951 615 2010 io
644 1970 721 2030 rupe
753 1951 930 2031 impressus
952 1960 1019 2032 est3
1040 1953 1071 2012 in
1090 1951 1153 2015 hoc
1167 1959 1275 2014 moute
1293 1967 1373 2032 quo-

377 2054 453 2118 tidie
475 2058 670 2138 conspicitur
682 2058 802 2127 sulmen
813 2061 897 2120 nulla
908 2061 990 2122 nube
1004 2069 1176 2142 apparente
1197 2079 1302 2140 neque
1316 2059 1375 2118 ulla

378 2159 431 2224 die
452 2162 561 2224 deficit
581 2165 707 2249 pluvia,
731 2183 816 2246 quae
837 2167 1012 2247 vestigium
1035 2169 1151 2237 abluat.
1173 2166 1375 2248 Hyacinthus

378 2268 475 2329 ruber
496 2289 537 2330 ex
559 2271 609 2332 hie
630 2274 788 2334 montibus
808 2292 865 2354 per
886 2282 1045 2336 torrentes
1066 2277 1098 2340 ia
1115 2276 1233 2336 vallam
1248 2271 1375 2336 devolvi

381 2373 499 2440 dicitur
520 2385 554 2438 et
576 2389 649 2440 cum
679 2399 717 2440 eo
747 2380 935 2442 adamantes
962 2390 994 2442 et
1015 2382 1152 2463 berylli.¹
1174 2381 1303 2446 Plurimi
1327 2381 1376 2442 in·-

381 2481 472 2544 sulae
502 2483 624 2554 incolae
653 2487 740 2566 magi
768 2494 860 2568 sunt,
898 2488 978 2548 inter
1008 2501 1089 2568 quos
1117 2487 1212 2548 etiarn
1238 2482 1386 2549 Muslimi·

380 2569 510 2668 degunt.
551 2589 677 2652 Pooora
697 2591 810 2653 indetis
831 2593 1109 2666 tempraestantis
1129 2601 1215 2672 suet,
1249 2599 1289 2661 ut
1305 2606 1375 2664 eum

380 2699 498 2790 nostris¹
518 2699 576 2760 uix
596 2700 689 2760 aliam
701 2709 827 2780 praeter
841 2701 963 2779 speciei
975 2701 1208 2766 similitudieem
1222 2679 1384 2776 habeam}

382 2807 500 2868 arietes
520 2807 563 2867 ibi
583 2808 782 2871 inveniuntur
809 2807 923 2873 decem
942 2810 1092 2872 carmena
1108 2807 1266 2888 praediti.
1301 2805 1376 2878 Inde

384 2923 472 2976 ortus
501 2923 553 2975 est
595 2914 695 2979 Sadid
732 2916 843 2991 [aldio]
888 2917 1124 3000 Sarandibius5'
1148 2937 1260 2998 quem,
1284 2935 1376 2998 quum

388 3019 570 3098 Qazvinum
597 3023 764 3105 migraret,
786 3025 855 3085 eius
877 3025 961 3086 urbis
984 3025 1302 3087 incolaelaetissime
1322 3041 1379 3083 ex-

332 3138 335 3144 ·
384 3133 552 3204 oeperuut3
573 3125 668 3188 iudex
690 3127 784 3208 enim,
806 3129 858 3207 qui
879 3127 921 3187 ibi
943 3136 1021 3210 erat,
1059 3145 1131 3190 cum
1148 3127 1323 3208 praefectis
1345 3143 1379 3186 se

384 3228 645 3292 administrationi
666 3233 843 3302 immiscuit,
868 3211 952 3312 quod
967 3249 1064 3313 aegre
1078 3230 1185 3292 ferens
1200 3232 1294 3310 plebs
1306 3248 1379 3292 aaa

283 3391 292 3403 .
384 3337 460 3417 pius
497 3338 661 3402 tumultum
696 3341 850 3404 excitavit
885 3337 1080 3416 iudiciaque.
1099 3336 1225 3398 domum
1261 3333 1381 3416 diripuit

386 3449 419 3502 et
442 3441 611 3504 destruxit.
654 3444 827 3530 Postquam
850 3451 955 3506 autem
976 3440 1188 3528 Serendibius
1209 3441 1251 3504 ibi
1273 3440 1380 3502 sedem

396 3638 615 3655 fi-——A--a

405 3767 433 3820 t)
450 3765 492 3814 De
507 3767 558 3816 troo
573 3764 685 3816 mimine
702 3769 765 3818 ttae
780 3771 859 3830 ptura
875 3773 946 3832 apud
964 3767 1127 3820 {cithatam
1150 3773 1183 3828 de
1207 3771 1320 3834 gemme
1342 3773 1382 3826 ed.

423 3863 425 3867 ’
452 3858 523 3912 Rav.
539 3871 563 3918 p.
581 3858 630 3918 82,
657 3859 699 3920 qui
716 3859 742 3907 id
759 3859 910 3920 hyacinthis
927 3860 996 3910 attici
1012 3861 1140 3922 pertinet.

403 3962 435 4027 2)
451 3964 520 4016 Nam
536 3966 591 4030 leg.
608 3969 666 4022 rid.
688 3948 795 4047 „hii
