3002 4962
957 459 965 468 .

728 543 963 606 -204...

345 727 457 789 lantur.
478 727 549 790 Arx
570 725 637 789 alta
657 727 759 789 l'ortrn
778 743 869 805 esso;
892 729 1057 808 ignoratur
1083 727 1164 806 quiri
1184 727 1273 790 intus
1292 727 1345 788 ia·

344 833 404 912 sit3
424 833 535 894 volunt
556 839 696 896 mortuos
717 841 751 894 ot
771 849 848 896 ossa
868 835 967 896 multa
989 851 1029 895 oa
1047 835 1212 896 contineri.
1242 833 1344 896 nana

344 947 407 1022 est,
429 957 537 1021 regom
562 940 699 1019 aliquem
720 941 888 1002 Persicum
909 940 949 1002 ad
970 957 1042 1002 earo
1061 943 1194 1002 venisse
1216 948 1249 1008 et
1269 959 1343 1004 num

235 1107 238 1117 ,
342 1047 441 1108 soniis
462 1059 569 1108 arcem
591 1049 742 1128 intraseo3
770 1057 838 1109 tum
865 1067 977 1110 somno
999 1058 1173 1130 oooopatos
1194 1067 1260 1110 eos·
1274 1058 1342 1110 tor-

342 1152 468 1234 puisse,
501 1168 540 1212 ao
561 1157 689 1233 praeter
714 1171 818 1234 unum,
848 1153 902 1232 qui
928 1152 968 1213 ad
996 1154 1127 1238 navigia
1154 1152 1358 1220 festinanter,

341 1273 379 1318 so
400 1257 569 1340 rooepen't,
592 1275 702 1319 omnes
723 1258 868 1338 periisse.
889 1255 1134 1342 Dsu‘llrarnain‚
1171 1269 1207 1321 ut
1232 1259 1341 1340 perhi-

341 1365 416 1425 bent
425 1405 435 1444 ,
457 1364 488 1424 in
501 1379 541 1423 ea
556 1363 701 1424 honines
720 1361 800 1424 virlit
816 1363 971 1443 eapitibus
993 1363 1114 1424 mainis
1134 1372 1168 1424 at
1188 1363 1341 1432 dentibus

341 1487 383 1529 ox
405 1465 460 1528 oro
481 1468 728 1547 prominentibus
749 1466 928 1549 praeditos,
962 1467 1013 1548 qui
1035 1467 1105 1528 eius
1125 1469 1255 1550 navigia
1275 1468 1360 1532 ime

340 1573 534 1653 pugnabant.
563 1571 652 1633 Vidit
674 1573 781 1634 lumen
805 1571 870 1632 lato
891 1569 1054 1651 diffusum,
1082 1569 1165 1649 quod
1186 1571 1258 1650 ipsa
1276 1569 1338 1634 han
1458 1565 1462 1573 ’

187 1749 193 1755 ,
289 1683 416 1744 sterce
449 1677 568 1757 beryllo
595 1675 759 1756 splendido
785 1683 952 1738 exstructa
979 1674 1184 1736 alliciebatur.
1234 1674 1341 1752 Quum

204 1847 206 1855 ,
340 1785 384 1845 illi
405 1800 447 1844 ax
468 1801 508 1844 oa
528 1784 686 1862 vonerint,
706 1780 927 1860 eoappollorn
947 1780 1066 1858 voluit,
1091 1778 1150 1843 sed
1169 1780 1337 1860 impeditus

340 1897 394 1950 ost
424 1907 446 1949 a
479 1887 639 1950 llahrrimo
668 1885 856 1966 philosopho
890 1885 989 1967 lndo,
1025 1886 1081 1965 qui
1115 1903 1187 1948 eum
1217 1885 1334 1970 horit,

341 1993 489 2074 quemvis
514 1994 557 2054 ilu
583 1993 750 2054 intrantem
775 2010 888 2054 somno
915 1999 948 2052 ot
974 1993 1068 2054 animi
1089 1991 1227 2081 deliquio
1254 1993 1335 2076 oapi,

274 2123 283 2130 ·
338 2102 384 2162 ita
412 2108 448 2161 ut
474 2099 564 2160 exire
594 2099 741 2178 nequiret
769 2079 802 2160 et
830 2097 869 2158 ab
896 2098 958 2159 illis
984 2105 1194 2178 superaretur.
1241 2100 1334 2164 Mara

337 2209 401 2272 boo
419 2207 657 2272 innumerabilia
678 2207 819 2268 eontinot
840 2203 1002 2266 mbaoula.

419 2316 543 2380 Sruurn
565 2323 650 2377 terra
663 2313 784 2376 Indiam
804 2315 899 2395 inter,
912 2313 1104 2376 Knnsnam
1113 2321 1148 2376 ot
1160 2301 1334 2398 Sag‘aetl-

335 2441 410 2488 nam
430 2423 503 2486 sita.
544 2421 631 2484 lllnd
661 2431 694 2482 et
714 2419 794 2482 sind
819 2421 936 2482 tratres
961 2422 1063 2484 luisse
1086 2421 1230 2484 (linuntur
1252 2441 1273 2482 a
1294 2423 1333 2482 li-

335 2532 421 2596 boris
447 2531 560 2594 Yufari
587 2529 609 2592 f.
634 2531 775 2594 Yoklani
799 2529 822 2590 f.
849 2529 947 2592 flami
972 2531 995 2592 f.
1023 2531 1119 2592 Noae
1146 2529 1330 2610 prophelae.

335 2640 372 2700 In
394 2655 434 2700 aa
455 2637 570 2700 domus
591 2654 689 2700 aurna
718 2643 789 2716 est,
819 2635 868 2698 do·
885 2654 950 2716 qua
969 2637 1073 2698 Mrrsir
1097 2637 1160 2698 bon
1178 2637 1332 2700 Mubalbil

333 2743 416 2809 haro
444 2749 565 2806 narrat:
602 2741 733 2804 visitavi
765 2739 891 2804 domum
915 2760 1050 2828 =autenm
1082 2742 1332 2811 oeloberriraam:
1376 2744 1380 2749 ’

333 2857 387 2912 ost
406 2867 482 2912 auro
494 2856 670 2910 'emunata
691 2849 721 2909 in
745 2849 874 2928 planitie
901 2867 960 2928 por
980 2858 1113 2931 quatuor
1131 2863 1332 2933 parasangas

332 2963 475 3038 patente,
503 2973 598 3036 supra
618 2972 714 3036 quarn
734 2955 790 3026 nix
803 2973 865 3016 nou
882 2953 1011 3036 decidit,
1024 2956 1331 3021 otsioirouraionen·
1361 2949 1363 2958 ’

332 3069 398 3122 tem
418 3063 582 3143 regionem
603 3070 702 3144 tegat.
743 3063 780 3122 ln
808 3081 846 3126 aa
875 3061 969 3138 dorna
985 3070 1084 3124 ,astra
1104 3063 1330 3143 observantur3

332 3183 405 3230 eam
423 3165 494 3241 Indi
514 3174 547 3228 et
571 3168 659 3248 magi
685 3175 886 3228 venerantur.
927 3165 1025 3246 Apud
1046 3185 1167 3246 magos·
1182 3169 1329 3246 planities

331 3273 456 3348 mmine
473 3274 649 3339 Zardusbti
668 3273 842 3356 insignitur.
878 3274 1008 3355 norun,
1032 3273 1060 3332 si
1082 3277 1153 3354 quis
1173 3295 1217 3339 ex
1236 3277 1328 3345 moo-

330 3381 372 3446 lis
403 3380 501 3443 buius
538 3381 679 3462 regionis
717 3381 949 3462 expeditionem
984 3384 1082 3446 laniat
1119 3381 1160 3444 ad
1192 3401 1326 3466 ragnum

330 3487 586 3573 expugnandum,
617 3508 689 3551 eum
710 3509 773 3552 non
793 3491 878 3582 vinoi
899 3501 1004 3574 noque
1025 3494 1055 3554 oi
1075 3493 1180 3574 fugari
1199 3493 1326 3554 exarui·

331 3609 414 3682 tum,
436 3600 618 3681 ubieunque
636 3600 781 3662 voluerit.
802 3599 985 3664 Alexander
999 3609 1170 3681 postquam
1191 3619 1249 3664 aas
1270 3620 1322 3662 ro·

348 3929 721 4010 1)‚·ct.supra1bn11anqal
744 3948 769 3996 p.
791 3937 833 3987 as.
867 3937 929 3991 Nou
949 3934 1042 3984 inutile
1054 3893 1152 3988 *nisum
1173 3938 1217 3984 est
1238 3935 1322 3983 verbis

269 4087 278 4094 .
395 4025 537 4090 lptbakllrll
553 4027 669 4080 adlicere
686 4040 733 4078 aas
749 4025 891 4094 lectiones,
907 4027 1000 4093 qubus
1016 4027 1087 4078 idern
1102 4026 1180 4078 loous
1196 4026 1224 4078 in
1236 4027 1321 4079 altero
