<?xml version="1.0" encoding="UTF-8"?>
<!DOCTYPE html PUBLIC "-//W3C//DTD XHTML 1.0 Transitional//EN"
    "http://www.w3.org/TR/xhtml1/DTD/xhtml1-transitional.dtd">
<html xmlns="http://www.w3.org/1999/xhtml" xml:lang="en" lang="en">
 <head>
  <title>
</title>
<meta http-equiv="Content-Type" content="text/html;charset=utf-8" />
  <meta name='ocr-system' content='tesseract 3.04.00' />
  <meta name='ocr-capabilities' content='ocr_page ocr_carea ocr_par ocr_line ocrx_word'/>
</head>
<body>
  <div class='ocr_page' id='page_1' title='image "./scriptorumarabu00algoog_0089.png"; bbox 0 0 3078 4964; ppageno 0'>
   <div class='ocr_carea' id='block_1_1' title="bbox 737 391 946 548">
    <p class='ocr_par' dir='ltr' id='par_1_1' title="bbox 737 391 946 548">
     <span class='ocr_line' id='line_1_1' title="bbox 813 391 820 400; baseline 0 0"><span class='ocrx_word' id='word_1_1' title='bbox 813 391 820 400; x_wconf 73' lang='grc' dir='ltr'><strong><em>ι</em></strong></span> 
     </span>
     <span class='ocr_line' id='line_1_2' title="bbox 737 485 946 548; baseline 0 -16"><span class='ocrx_word' id='word_1_2' title='bbox 737 516 780 532; x_wconf 73' lang='lat'>-</span> <span class='ocrx_word' id='word_1_3' title='bbox 822 485 865 548; x_wconf 65' lang='grc' dir='ltr'><em>Μ</em></span> <span class='ocrx_word' id='word_1_4' title='bbox 907 517 946 530; x_wconf 55' lang='lat' dir='ltr'><strong>fi·</strong></span> 
     </span>
    </p>
   </div>
   <div class='ocr_carea' id='block_1_2' title="bbox 292 669 1345 2798">
    <p class='ocr_par' dir='ltr' id='par_1_2' title="bbox 292 669 1345 2343">
     <span class='ocr_line' id='line_1_3' title="bbox 336 669 1337 762; baseline 0.003 -30"><span class='ocrx_word' id='word_1_5' title='bbox 336 670 478 756; x_wconf 78' lang='lat' dir='ltr'><strong>dispergi</strong></span> <span class='ocrx_word' id='word_1_6' title='bbox 506 673 673 762; x_wconf 71' lang='lat' dir='ltr'><strong>potueriat.</strong></span> <span class='ocrx_word' id='word_1_7' title='bbox 715 672 892 736; x_wconf 75' lang='lat' dir='ltr'><strong>abortant·</strong></span> <span class='ocrx_word' id='word_1_8' title='bbox 941 687 1029 740; x_wconf 85' lang='lat' dir='ltr'><strong>certo</strong></span> <span class='ocrx_word' id='word_1_9' title='bbox 1055 669 1162 758; x_wconf 59' lang='lat' dir='ltr'><strong>duas}</strong></span> <span class='ocrx_word' id='word_1_10' title='bbox 1171 672 1337 756; x_wconf 78' lang='lat' dir='ltr'><strong>distinguit</strong></span> 
     </span>
     <span class='ocr_line' id='line_1_4' title="bbox 336 768 1336 866; baseline -0.004 -20"><span class='ocrx_word' id='word_1_11' title='bbox 336 783 448 866; x_wconf 82' lang='lat' dir='ltr'><strong>Kalaa,</strong></span> <span class='ocrx_word' id='word_1_12' title='bbox 481 783 611 846; x_wconf 82' lang='lat' dir='ltr'><strong>alteram</strong></span> <span class='ocrx_word' id='word_1_13' title='bbox 633 780 664 844; x_wconf 89' lang='lat' dir='ltr'><strong>in</strong></span> <span class='ocrx_word' id='word_1_14' title='bbox 686 779 788 844; x_wconf 85' lang='lat' dir='ltr'><strong>insuia</strong></span> <span class='ocrx_word' id='word_1_15' title='bbox 814 768 922 842; x_wconf 76' lang='lat' dir='ltr'><strong>G&#39;ava</strong></span> <span class='ocrx_word' id='word_1_16' title='bbox 948 783 1054 864; x_wconf 83' lang='lat' dir='ltr'><strong>sitam,</strong></span> <span class='ocrx_word' id='word_1_17' title='bbox 1084 782 1216 846; x_wconf 84' lang='lat' dir='ltr'><strong>alteram</strong></span> <span class='ocrx_word' id='word_1_18' title='bbox 1244 781 1336 844; x_wconf 89' lang='lat' dir='ltr'><strong>occi-</strong></span> 
     </span>
     <span class='ocr_line' id='line_1_5' title="bbox 292 889 1335 975; baseline 0 -19"><span class='ocrx_word' id='word_1_19' title='bbox 292 919 294 930; x_wconf 64' lang='grc'><em>’</em></span> <span class='ocrx_word' id='word_1_20' title='bbox 336 891 508 975; x_wconf 80' lang='lat' dir='ltr'><strong>dentdem,</strong></span> <span class='ocrx_word' id='word_1_21' title='bbox 530 890 590 954; x_wconf 86' lang='lat' dir='ltr'><strong>sed</strong></span> <span class='ocrx_word' id='word_1_22' title='bbox 610 909 726 972; x_wconf 88' lang='lat' dir='ltr'><strong>pauca,</strong></span> <span class='ocrx_word' id='word_1_23' title='bbox 749 909 832 972; x_wconf 87' lang='lat' dir='ltr'><strong>quaa</strong></span> <span class='ocrx_word' id='word_1_24' title='bbox 852 889 893 952; x_wconf 90' lang='lat' dir='ltr'><strong>de</strong></span> <span class='ocrx_word' id='word_1_25' title='bbox 918 889 959 953; x_wconf 90' lang='lat' dir='ltr'><strong>iis</strong></span> <span class='ocrx_word' id='word_1_26' title='bbox 985 891 1156 972; x_wconf 79' lang='lat' dir='ltr'><strong>praedicat</strong></span> <span class='ocrx_word' id='word_1_27' title='bbox 1169 910 1231 954; x_wconf 89' lang='lat' dir='ltr'><strong>non</strong></span> <span class='ocrx_word' id='word_1_28' title='bbox 1252 891 1335 956; x_wconf 82' lang='lat' dir='ltr'><strong>bene</strong></span> 
     </span>
     <span class='ocr_line' id='line_1_6' title="bbox 336 998 1345 1080; baseline 0.002 -20"><span class='ocrx_word' id='word_1_29' title='bbox 336 999 417 1062; x_wconf 83' lang='lat' dir='ltr'><strong>inter</strong></span> <span class='ocrx_word' id='word_1_30' title='bbox 452 1017 490 1060; x_wconf 89' lang='lat' dir='ltr'><strong>se</strong></span> <span class='ocrx_word' id='word_1_31' title='bbox 525 1005 559 1060; x_wconf 88' lang='lat' dir='ltr'><strong>et</strong></span> <span class='ocrx_word' id='word_1_32' title='bbox 587 1015 659 1060; x_wconf 87' lang='lat' dir='ltr'><strong>cum</strong></span> <span class='ocrx_word' id='word_1_33' title='bbox 688 998 806 1077; x_wconf 88' lang='lat' dir='ltr'><strong>reliquo</strong></span> <span class='ocrx_word' id='word_1_34' title='bbox 845 1000 1011 1080; x_wconf 88' lang='lat' dir='ltr'><strong>regionum</strong></span> <span class='ocrx_word' id='word_1_35' title='bbox 1037 998 1100 1060; x_wconf 90' lang='lat' dir='ltr'><strong>situ</strong></span> <span class='ocrx_word' id='word_1_36' title='bbox 1132 998 1345 1080; x_wconf 83' lang='lat' dir='ltr'><strong>conveniunt.¹</strong></span> 
     </span>
     <span class='ocr_line' id='line_1_7' title="bbox 336 1105 1335 1170; baseline -0.002 0"><span class='ocrx_word' id='word_1_37' title='bbox 336 1107 461 1170; x_wconf 82' lang='lat' dir='ltr'><strong>Eodem</strong></span> <span class='ocrx_word' id='word_1_38' title='bbox 482 1106 576 1170; x_wconf 90' lang='lat' dir='ltr'><strong>modo</strong></span> <span class='ocrx_word' id='word_1_39' title='bbox 608 1105 792 1167; x_wconf 82' lang='lat' dir='ltr'><strong>Kumiriam</strong></span> <span class='ocrx_word' id='word_1_40' title='bbox 819 1105 850 1166; x_wconf 86' lang='lat' dir='ltr'><strong>ia</strong></span> <span class='ocrx_word' id='word_1_41' title='bbox 882 1113 1003 1166; x_wconf 87' lang='lat' dir='ltr'><strong>tractus</strong></span> <span class='ocrx_word' id='word_1_42' title='bbox 1030 1105 1198 1168; x_wconf 80' lang='lat' dir='ltr'><strong>orientales</strong></span> <span class='ocrx_word' id='word_1_43' title='bbox 1226 1113 1335 1168; x_wconf 85' lang='lat' dir='ltr'><strong>trans-</strong></span> 
     </span>
     <span class='ocr_line' id='line_1_8' title="bbox 335 1204 1336 1293; baseline 0 -21"><span class='ocrx_word' id='word_1_44' title='bbox 335 1220 472 1293; x_wconf 81' lang='lat' dir='ltr'><strong>ponnnt3</strong></span> <span class='ocrx_word' id='word_1_45' title='bbox 516 1204 696 1272; x_wconf 74' lang='lat' dir='ltr'><strong>Abulfadai²</strong></span> <span class='ocrx_word' id='word_1_46' title='bbox 730 1229 801 1270; x_wconf 89' lang='lat' dir='ltr'><strong>eam</strong></span> <span class='ocrx_word' id='word_1_47' title='bbox 838 1229 900 1270; x_wconf 89' lang='lat' dir='ltr'><strong>nno</strong></span> <span class='ocrx_word' id='word_1_48' title='bbox 936 1220 1058 1274; x_wconf 86' lang='lat' dir='ltr'><strong>tantum</strong></span> <span class='ocrx_word' id='word_1_49' title='bbox 1095 1229 1190 1274; x_wconf 89' lang='lat' dir='ltr'><strong>cursu</strong></span> <span class='ocrx_word' id='word_1_50' title='bbox 1217 1212 1336 1274; x_wconf 87' lang='lat' dir='ltr'><strong>abessa</strong></span> 
     </span>
     <span class='ocr_line' id='line_1_9' title="bbox 336 1317 1336 1408; baseline -0.002 -26"><span class='ocrx_word' id='word_1_51' title='bbox 336 1320 413 1382; x_wconf 85' lang='lat' dir='ltr'><strong>dicit</strong></span> <span class='ocrx_word' id='word_1_52' title='bbox 434 1339 453 1380; x_wconf 91' lang='lat' dir='ltr'><strong>a</strong></span> <span class='ocrx_word' id='word_1_53' title='bbox 476 1318 576 1408; x_wconf 64' lang='lat' dir='ltr'><strong>Comi</strong></span> <span class='ocrx_word' id='word_1_54' title='bbox 594 1317 793 1380; x_wconf 88' lang='lat' dir='ltr'><strong>occidentem</strong></span> <span class='ocrx_word' id='word_1_55' title='bbox 815 1337 932 1381; x_wconf 85' lang='lat' dir='ltr'><strong>versus</strong></span> <span class='ocrx_word' id='word_1_56' title='bbox 958 1327 992 1380; x_wconf 92' lang='lat' dir='ltr'><strong>ct</strong></span> <span class='ocrx_word' id='word_1_57' title='bbox 1020 1337 1103 1399; x_wconf 88' lang='lat' dir='ltr'><strong>quae</strong></span> <span class='ocrx_word' id='word_1_58' title='bbox 1130 1319 1215 1398; x_wconf 82' lang='lat' dir='ltr'><strong>opud</strong></span> <span class='ocrx_word' id='word_1_59' title='bbox 1242 1319 1336 1380; x_wconf 87' lang='lat' dir='ltr'><strong>Abu-</strong></span> 
     </span>
     <span class='ocr_line' id='line_1_10' title="bbox 336 1410 1338 1505; baseline -0.001 -20"><span class='ocrx_word' id='word_1_60' title='bbox 336 1417 481 1486; x_wconf 81' lang='lat' dir='ltr'><strong>zaidrnn³</strong></span> <span class='ocrx_word' id='word_1_61' title='bbox 514 1422 555 1484; x_wconf 93' lang='lat' dir='ltr'><strong>de</strong></span> <span class='ocrx_word' id='word_1_62' title='bbox 584 1425 654 1484; x_wconf 89' lang='lat' dir='ltr'><strong>eius</strong></span> <span class='ocrx_word' id='word_1_63' title='bbox 681 1425 846 1485; x_wconf 82' lang='lat' dir='ltr'><strong>vicinitate</strong></span> <span class='ocrx_word' id='word_1_64' title='bbox 873 1440 945 1484; x_wconf 90' lang='lat' dir='ltr'><strong>cum</strong></span> <span class='ocrx_word' id='word_1_65' title='bbox 971 1441 1071 1505; x_wconf 87' lang='lat' dir='ltr'><strong>regno</strong></span> <span class='ocrx_word' id='word_1_66' title='bbox 1098 1410 1257 1504; x_wconf 78' lang='lat' dir='ltr'><strong>Mahrirg&#39;i</strong></span> <span class='ocrx_word' id='word_1_67' title='bbox 1274 1415 1338 1484; x_wconf 72' lang='lat' dir='ltr'><strong>&#39;lc-</strong></span> 
     </span>
     <span class='ocr_line' id='line_1_11' title="bbox 335 1529 1336 1616; baseline 0 -24"><span class='ocrx_word' id='word_1_68' title='bbox 335 1540 469 1614; x_wconf 80' lang='lat' dir='ltr'><strong>guatnr‚</strong></span> <span class='ocrx_word' id='word_1_69' title='bbox 490 1531 607 1602; x_wconf 79' lang='lat' dir='ltr'><strong>¹eodem</strong></span> <span class='ocrx_word' id='word_1_70' title='bbox 628 1540 791 1612; x_wconf 83' lang='lat' dir='ltr'><strong>spectant,</strong></span> <span class='ocrx_word' id='word_1_71' title='bbox 815 1549 911 1612; x_wconf 89' lang='lat' dir='ltr'><strong>quum</strong></span> <span class='ocrx_word' id='word_1_72' title='bbox 940 1540 1006 1616; x_wconf 80' lang='lat' dir='ltr'><strong>tum</strong></span> <span class='ocrx_word' id='word_1_73' title='bbox 1036 1551 1077 1594; x_wconf 87' lang='lat' dir='ltr'><strong>ex</strong></span> <span class='ocrx_word' id='word_1_74' title='bbox 1104 1531 1174 1594; x_wconf 89' lang='lat' dir='ltr'><strong>aliis</strong></span> <span class='ocrx_word' id='word_1_75' title='bbox 1201 1529 1336 1611; x_wconf 84' lang='lat' dir='ltr'><strong>indiciis,</strong></span> 
     </span>
     <span class='ocr_line' id='line_1_12' title="bbox 338 1631 1336 1722; baseline -0.003 -22"><span class='ocrx_word' id='word_1_76' title='bbox 338 1646 403 1700; x_wconf 84' lang='lat' dir='ltr'><strong>tum</strong></span> <span class='ocrx_word' id='word_1_77' title='bbox 425 1657 466 1700; x_wconf 89' lang='lat' dir='ltr'><strong>ex</strong></span> <span class='ocrx_word' id='word_1_78' title='bbox 488 1639 693 1704; x_wconf 75' lang='lat' dir='ltr'><strong>annotatione</strong></span> <span class='ocrx_word' id='word_1_79' title='bbox 713 1631 887 1722; x_wconf 60' lang='lat' dir='ltr'><strong>Martini,</strong></span> <span class='ocrx_word' id='word_1_80' title='bbox 910 1640 1059 1701; x_wconf 89' lang='lat' dir='ltr'><strong>montium</strong></span> <span class='ocrx_word' id='word_1_81' title='bbox 1083 1640 1134 1718; x_wconf 92' lang='lat' dir='ltr'><strong>qui</strong></span> <span class='ocrx_word' id='word_1_82' title='bbox 1155 1639 1261 1722; x_wconf 88' lang='lat' dir='ltr'><strong>ignem</strong></span> <span class='ocrx_word' id='word_1_83' title='bbox 1276 1635 1336 1699; x_wconf 91' lang='lat' dir='ltr'><strong>eii-</strong></span> 
     </span>
     <span class='ocr_line' id='line_1_13' title="bbox 337 1734 1337 1830; baseline -0.002 -20"><span class='ocrx_word' id='word_1_84' title='bbox 337 1749 422 1810; x_wconf 83' lang='lat' dir='ltr'><strong>ciant</strong></span> <span class='ocrx_word' id='word_1_85' title='bbox 443 1749 579 1810; x_wconf 89' lang='lat' dir='ltr'><strong>omnium</strong></span> <span class='ocrx_word' id='word_1_86' title='bbox 601 1749 773 1816; x_wconf 83' lang='lat' dir='ltr'><strong>maximnm</strong></span> <span class='ocrx_word' id='word_1_87' title='bbox 795 1748 922 1808; x_wconf 85' lang='lat' dir='ltr'><strong>esseio</strong></span> <span class='ocrx_word' id='word_1_88' title='bbox 944 1748 1061 1810; x_wconf 82' lang='lat' dir='ltr'><strong>ditione</strong></span> <span class='ocrx_word' id='word_1_89' title='bbox 1081 1734 1251 1830; x_wconf 75' lang='lat' dir='ltr'><strong>Malnig&#39;i,</strong></span> <span class='ocrx_word' id='word_1_90' title='bbox 1273 1746 1337 1810; x_wconf 92' lang='lat' dir='ltr'><strong>du·</strong></span> 
     </span>
     <span class='ocr_line' id='line_1_14' title="bbox 335 1840 1337 1935; baseline -0.004 -19"><span class='ocrx_word' id='word_1_91' title='bbox 335 1855 436 1916; x_wconf 78' lang='lat' dir='ltr'><strong>bitere</strong></span> <span class='ocrx_word' id='word_1_92' title='bbox 457 1873 520 1915; x_wconf 90' lang='lat' dir='ltr'><strong>non</strong></span> <span class='ocrx_word' id='word_1_93' title='bbox 541 1854 647 1932; x_wconf 76' lang='lat' dir='ltr'><strong>liceat,</strong></span> <span class='ocrx_word' id='word_1_94' title='bbox 670 1854 744 1935; x_wconf 89' lang='lat' dir='ltr'><strong>quin</strong></span> <span class='ocrx_word' id='word_1_95' title='bbox 766 1852 891 1914; x_wconf 89' lang='lat' dir='ltr'><strong>eumin</strong></span> <span class='ocrx_word' id='word_1_96' title='bbox 919 1840 1024 1915; x_wconf 73' lang='lat' dir='ltr'><strong>G&#39;iva</strong></span> <span class='ocrx_word' id='word_1_97' title='bbox 1049 1853 1152 1914; x_wconf 89' lang='lat' dir='ltr'><strong>insuia</strong></span> <span class='ocrx_word' id='word_1_98' title='bbox 1180 1869 1337 1933; x_wconf 76' lang='lat' dir='ltr'><strong>regnasse</strong></span> 
     </span>
     <span class='ocr_line' id='line_1_15' title="bbox 335 1953 1336 2038; baseline 0 -18"><span class='ocrx_word' id='word_1_99' title='bbox 335 1953 485 2020; x_wconf 78' lang='lat' dir='ltr'><strong>vellent⁵.</strong></span> <span class='ocrx_word' id='word_1_100' title='bbox 527 1959 564 2018; x_wconf 91' lang='lat' dir='ltr'><strong>ln</strong></span> <span class='ocrx_word' id='word_1_101' title='bbox 606 1957 719 2038; x_wconf 86' lang='lat' dir='ltr'><strong>quihus</strong></span> <span class='ocrx_word' id='word_1_102' title='bbox 755 1958 900 2019; x_wconf 86' lang='lat' dir='ltr'><strong>omnibus</strong></span> <span class='ocrx_word' id='word_1_103' title='bbox 934 1957 1129 2038; x_wconf 84' lang='lat' dir='ltr'><strong>explicandis</strong></span> <span class='ocrx_word' id='word_1_104' title='bbox 1165 1957 1336 2020; x_wconf 85' lang='lat' dir='ltr'><strong>tenendum</strong></span> 
     </span>
     <span class='ocr_line' id='line_1_16' title="bbox 337 2043 1337 2151; baseline -0.004 -23"><span class='ocrx_word' id='word_1_105' title='bbox 337 2073 397 2148; x_wconf 82' lang='lat' dir='ltr'><strong>est,</strong></span> <span class='ocrx_word' id='word_1_106' title='bbox 420 2085 462 2126; x_wconf 87' lang='lat' dir='ltr'><strong>ex</strong></span> <span class='ocrx_word' id='word_1_107' title='bbox 481 2063 625 2146; x_wconf 78' lang='lat' dir='ltr'><strong>Arabum</strong></span> <span class='ocrx_word' id='word_1_108' title='bbox 648 2064 793 2144; x_wconf 86' lang='lat' dir='ltr'><strong>opinione</strong></span> <span class='ocrx_word' id='word_1_109' title='bbox 815 2064 937 2128; x_wconf 85' lang='lat' dir='ltr'><strong>insulas</strong></span> <span class='ocrx_word' id='word_1_110' title='bbox 958 2043 1238 2151; x_wconf 77' lang='lat' dir='ltr'><strong>transgangeticas</strong></span> <span class='ocrx_word' id='word_1_111' title='bbox 1252 2063 1337 2126; x_wconf 89' lang='lat' dir='ltr'><strong>haud</strong></span> 
     </span>
     <span class='ocr_line' id='line_1_17' title="bbox 336 2168 1338 2252; baseline 0 -20"><span class='ocrx_word' id='word_1_112' title='bbox 336 2170 448 2252; x_wconf 86' lang='lat' dir='ltr'><strong>procui</strong></span> <span class='ocrx_word' id='word_1_113' title='bbox 470 2169 588 2230; x_wconf 88' lang='lat' dir='ltr'><strong>distare</strong></span> <span class='ocrx_word' id='word_1_114' title='bbox 609 2169 794 2250; x_wconf 80' lang='lat' dir='ltr'><strong>potuisses</strong></span> <span class='ocrx_word' id='word_1_115' title='bbox 816 2169 945 2232; x_wconf 79' lang='lat' dir='ltr'><strong>Kumiri</strong></span> <span class='ocrx_word' id='word_1_116' title='bbox 973 2172 1185 2252; x_wconf 83' lang='lat' dir='ltr'><strong>promontorio</strong></span> <span class='ocrx_word' id='word_1_117' title='bbox 1213 2179 1246 2234; x_wconf 86' lang='lat' dir='ltr'><strong>et</strong></span> <span class='ocrx_word' id='word_1_118' title='bbox 1267 2168 1338 2232; x_wconf 83' lang='lat' dir='ltr'><strong>Co-</strong></span> 
     </span>
     <span class='ocr_line' id='line_1_18' title="bbox 335 2280 528 2343; baseline -0.021 0"><span class='ocrx_word' id='word_1_119' title='bbox 335 2280 528 2343; x_wconf 82' lang='lat' dir='ltr'><strong>remandata.</strong></span> 
     </span>
    </p>

    <p class='ocr_par' dir='ltr' id='par_1_3' title="bbox 334 2384 1339 2798">
     <span class='ocr_line' id='line_1_19' title="bbox 416 2384 1336 2457; baseline 0.003 -10"><span class='ocrx_word' id='word_1_120' title='bbox 416 2385 471 2448; x_wconf 79' lang='lat' dir='ltr'><strong>Ad</strong></span> <span class='ocrx_word' id='word_1_121' title='bbox 501 2385 582 2447; x_wconf 89' lang='lat' dir='ltr'><strong>tales</strong></span> <span class='ocrx_word' id='word_1_122' title='bbox 609 2403 734 2447; x_wconf 87' lang='lat' dir='ltr'><strong>errores</strong></span> <span class='ocrx_word' id='word_1_123' title='bbox 763 2384 1006 2448; x_wconf 87' lang='lat' dir='ltr'><strong>committendos</strong></span> <span class='ocrx_word' id='word_1_124' title='bbox 1028 2386 1184 2450; x_wconf 87' lang='lat' dir='ltr'><strong>interdum</strong></span> <span class='ocrx_word' id='word_1_125' title='bbox 1198 2387 1336 2457; x_wconf 28' lang='lat' dir='ltr'><strong>‘multum</strong></span> 
     </span>
     <span class='ocr_line' id='line_1_20' title="bbox 336 2491 1339 2556; baseline 0.001 -3"><span class='ocrx_word' id='word_1_126' title='bbox 336 2491 467 2554; x_wconf 80' lang='lat' dir='ltr'><strong>contulit</strong></span> <span class='ocrx_word' id='word_1_127' title='bbox 487 2491 639 2556; x_wconf 88' lang='lat' dir='ltr'><strong>mercium</strong></span> <span class='ocrx_word' id='word_1_128' title='bbox 668 2499 700 2554; x_wconf 90' lang='lat' dir='ltr'><strong>ct</strong></span> <span class='ocrx_word' id='word_1_129' title='bbox 721 2491 879 2552; x_wconf 79' lang='lat' dir='ltr'><strong>fructuum</strong></span> <span class='ocrx_word' id='word_1_130' title='bbox 907 2510 927 2552; x_wconf 92' lang='lat' dir='ltr'><strong>a</strong></span> <span class='ocrx_word' id='word_1_131' title='bbox 948 2491 1029 2554; x_wconf 90' lang='lat' dir='ltr'><strong>locis</strong></span> <span class='ocrx_word' id='word_1_132' title='bbox 1049 2493 1210 2556; x_wconf 80' lang='lat' dir='ltr'><strong>natalibus</strong></span> <span class='ocrx_word' id='word_1_133' title='bbox 1233 2493 1339 2554; x_wconf 86' lang='lat' dir='ltr'><strong>deno·-</strong></span> 
     </span>
     <span class='ocr_line' id='line_1_21' title="bbox 338 2599 1337 2690; baseline -0.004 -28"><span class='ocrx_word' id='word_1_134' title='bbox 338 2601 484 2682; x_wconf 81' lang='lat' dir='ltr'><strong>minatio,</strong></span> <span class='ocrx_word' id='word_1_135' title='bbox 517 2621 559 2662; x_wconf 87' lang='lat' dir='ltr'><strong>ex</strong></span> <span class='ocrx_word' id='word_1_136' title='bbox 580 2619 644 2680; x_wconf 91' lang='lat' dir='ltr'><strong>qua</strong></span> <span class='ocrx_word' id='word_1_137' title='bbox 666 2599 745 2686; x_wconf 75' lang='lat' dir='ltr'><strong>aiios</strong></span> <span class='ocrx_word' id='word_1_138' title='bbox 766 2601 864 2662; x_wconf 87' lang='lat' dir='ltr'><strong>muita</strong></span> <span class='ocrx_word' id='word_1_139' title='bbox 886 2599 992 2680; x_wconf 83' lang='lat' dir='ltr'><strong>&#39;colligi</strong></span> <span class='ocrx_word' id='word_1_140' title='bbox 1012 2610 1147 2690; x_wconf 82' lang='lat' dir='ltr'><strong>possrmt</strong></span> <span class='ocrx_word' id='word_1_141' title='bbox 1166 2600 1337 2673; x_wconf 80' lang='lat' dir='ltr'><strong>adnatio-</strong></span> 
     </span>
     <span class='ocr_line' id='line_1_22' title="bbox 334 2706 1334 2798; baseline -0.004 -28"><span class='ocrx_word' id='word_1_142' title='bbox 334 2729 394 2770; x_wconf 89' lang='lat' dir='ltr'><strong>nes</strong></span> <span class='ocrx_word' id='word_1_143' title='bbox 415 2709 653 2792; x_wconf 83' lang='lat' dir='ltr'><strong>geographicas</strong></span> <span class='ocrx_word' id='word_1_144' title='bbox 675 2708 728 2767; x_wconf 90' lang='lat' dir='ltr'><strong>vel</strong></span> <span class='ocrx_word' id='word_1_145' title='bbox 749 2706 944 2770; x_wconf 87' lang='lat' dir='ltr'><strong>definiendas</strong></span> <span class='ocrx_word' id='word_1_146' title='bbox 967 2710 1020 2769; x_wconf 89' lang='lat' dir='ltr'><strong>vei</strong></span> <span class='ocrx_word' id='word_1_147' title='bbox 1041 2708 1221 2798; x_wconf 70' lang='lat' dir='ltr'><strong>augendas·¹</strong></span> <span class='ocrx_word' id='word_1_148' title='bbox 1252 2707 1334 2769; x_wconf 81' lang='lat' dir='ltr'><strong>Eius</strong></span> 
     </span>
    </p>
   </div>
   <div class='ocr_carea' id='block_1_3' title="bbox 341 2897 561 2914">
    <p class='ocr_par' dir='ltr' id='par_1_4' title="bbox 341 2897 561 2914">
     <span class='ocr_line' id='line_1_23' title="bbox 341 2897 561 2914; baseline 0 -2"><span class='ocrx_word' id='word_1_149' title='bbox 341 2897 561 2914; x_wconf 51' lang='lat' dir='ltr'><strong>*a*</strong></span> 
     </span>
    </p>
   </div>
   <div class='ocr_carea' id='block_1_4' title="bbox 355 3001 1341 3273">
    <p class='ocr_par' dir='ltr' id='par_1_5' title="bbox 355 3001 1341 3273">
     <span class='ocr_line' id='line_1_24' title="bbox 355 3001 1339 3082; baseline 0 -26"><span class='ocrx_word' id='word_1_150' title='bbox 355 3007 384 3064; x_wconf 85' lang='grc'><strong>1)</strong></span> <span class='ocrx_word' id='word_1_151' title='bbox 402 3007 461 3056; x_wconf 86' lang='lat' dir='ltr'><strong>ibid.</strong></span> <span class='ocrx_word' id='word_1_152' title='bbox 480 3005 541 3058; x_wconf 80' lang='grc'>277.</span> <span class='ocrx_word' id='word_1_153' title='bbox 560 3005 626 3053; x_wconf 79' lang='grc'>280.</span> <span class='ocrx_word' id='word_1_154' title='bbox 691 3005 723 3062; x_wconf 88' lang='grc'><strong>2)</strong></span> <span class='ocrx_word' id='word_1_155' title='bbox 740 3003 799 3053; x_wconf 87' lang='lat' dir='ltr'><strong>ibid.</strong></span> <span class='ocrx_word' id='word_1_156' title='bbox 816 3003 878 3058; x_wconf 79' lang='lat'><strong>277.</strong></span> <span class='ocrx_word' id='word_1_157' title='bbox 912 3001 1013 3052; x_wconf 81' lang='lat' dir='ltr'><strong>Similia</strong></span> <span class='ocrx_word' id='word_1_158' title='bbox 1037 3005 1118 3054; x_wconf 81' lang='lat' dir='ltr'><strong>tradit</strong></span> <span class='ocrx_word' id='word_1_159' title='bbox 1142 3007 1244 3070; x_wconf 76' lang='lat' dir='ltr'><strong>Geogr.</strong></span> <span class='ocrx_word' id='word_1_160' title='bbox 1267 3007 1339 3082; x_wconf 34' lang='lat' dir='ltr'><strong>Nnb‘</strong></span> 
     </span>
     <span class='ocr_line' id='line_1_25' title="bbox 396 3087 1341 3162; baseline 0.004 -17"><span class='ocrx_word' id='word_1_161' title='bbox 396 3087 428 3159; x_wconf 67' lang='lat'><strong>¹12.</strong></span> <span class='ocrx_word' id='word_1_162' title='bbox 445 3096 489 3148; x_wconf 81' lang='lat'><strong>41.</strong></span> <span class='ocrx_word' id='word_1_163' title='bbox 557 3099 587 3162; x_wconf 87' lang='lat' dir='ltr'><strong>a)</strong></span> <span class='ocrx_word' id='word_1_164' title='bbox 611 3099 677 3145; x_wconf 80' lang='lat' dir='ltr'><strong>nne.</strong></span> <span class='ocrx_word' id='word_1_165' title='bbox 706 3095 764 3145; x_wconf 83' lang='lat' dir='ltr'><strong>ner.</strong></span> <span class='ocrx_word' id='word_1_166' title='bbox 791 3095 836 3146; x_wconf 76' lang='lat' dir='ltr'><strong>aa.</strong></span> <span class='ocrx_word' id='word_1_167' title='bbox 861 3109 918 3157; x_wconf 73' lang='lat' dir='ltr'><strong>sqq.</strong></span> <span class='ocrx_word' id='word_1_168' title='bbox 944 3097 1060 3158; x_wconf 74' lang='lat' dir='ltr'><strong>nepetae</strong></span> <span class='ocrx_word' id='word_1_169' title='bbox 1088 3095 1238 3162; x_wconf 73' lang='lat' dir='ltr'><strong>mamurra,</strong></span> <span class='ocrx_word' id='word_1_170' title='bbox 1252 3095 1341 3160; x_wconf 74' lang='lat' dir='ltr'><strong>terrra</strong></span> 
     </span>
     <span class='ocr_line' id='line_1_26' title="bbox 401 3187 1312 3273; baseline 0.005 -38"><span class='ocrx_word' id='word_1_171' title='bbox 401 3203 427 3250; x_wconf 76' lang='lat' dir='ltr'><strong>p.</strong></span> <span class='ocrx_word' id='word_1_172' title='bbox 448 3189 490 3236; x_wconf 79' lang='lat' dir='ltr'><strong>ts.</strong></span> <span class='ocrx_word' id='word_1_173' title='bbox 508 3201 564 3251; x_wconf 82' lang='lat' dir='ltr'><strong>sqq.</strong></span> <span class='ocrx_word' id='word_1_174' title='bbox 631 3187 663 3244; x_wconf 86' lang='lat'><strong>4)</strong></span> <span class='ocrx_word' id='word_1_175' title='bbox 685 3191 756 3250; x_wconf 82' lang='lat' dir='ltr'><strong>apud</strong></span> <span class='ocrx_word' id='word_1_176' title='bbox 774 3189 808 3239; x_wconf 93' lang='lat' dir='ltr'><strong>el.</strong></span> <span class='ocrx_word' id='word_1_177' title='bbox 826 3190 950 3250; x_wconf 82' lang='lat' dir='ltr'><strong>Weyers</strong></span> <span class='ocrx_word' id='word_1_178' title='bbox 968 3191 1014 3273; x_wconf 74' lang='lat' dir='ltr'><strong>ito</strong></span> <span class='ocrx_word' id='word_1_179' title='bbox 1036 3187 1158 3240; x_wconf 77' lang='lat' dir='ltr'><strong>Knakrin.</strong></span> <span class='ocrx_word' id='word_1_180' title='bbox 1176 3205 1202 3252; x_wconf 80' lang='lat' dir='ltr'><strong>p.</strong></span> <span class='ocrx_word' id='word_1_181' title='bbox 1227 3192 1312 3246; x_wconf 63' lang='lat'>188...</span> 
     </span>
    </p>
   </div>
   <div class='ocr_carea' id='block_1_5' title="bbox 353 3285 1381 3388">
    <p class='ocr_par' dir='ltr' id='par_1_6' title="bbox 353 3285 1381 3388">
     <span class='ocr_line' id='line_1_27' title="bbox 353 3285 1381 3388; baseline 0.005 -43"><span class='ocrx_word' id='word_1_182' title='bbox 353 3299 385 3355; x_wconf 79' lang='grc'><strong>5)</strong></span> <span class='ocrx_word' id='word_1_183' title='bbox 402 3296 516 3348; x_wconf 78' lang='lat' dir='ltr'><strong>Prorsus</strong></span> <span class='ocrx_word' id='word_1_184' title='bbox 544 3296 678 3346; x_wconf 84' lang='lat' dir='ltr'><strong>diversum</strong></span> <span class='ocrx_word' id='word_1_185' title='bbox 707 3297 812 3346; x_wconf 84' lang='lat' dir='ltr'><strong>videtur</strong></span> <span class='ocrx_word' id='word_1_186' title='bbox 843 3311 940 3350; x_wconf 82' lang='lat' dir='ltr'><strong>aaaron</strong></span> <span class='ocrx_word' id='word_1_187' title='bbox 967 3298 1073 3348; x_wconf 79' lang='lat' dir='ltr'><strong>insulae</strong></span> <span class='ocrx_word' id='word_1_188' title='bbox 1099 3289 1235 3388; x_wconf 55' lang='lat' dir='ltr'><strong>s‘ffiffl</strong></span> <span class='ocrx_word' id='word_1_189' title='bbox 1254 3285 1344 3384; x_wconf 49' lang='lat' dir='ltr'><strong>isidi·</strong></span> <span class='ocrx_word' id='word_1_190' title='bbox 1373 3345 1381 3356; x_wconf 84' lang='grc'>,</span> 
     </span>
    </p>
   </div>
   <div class='ocr_carea' id='block_1_6' title="bbox 354 3395 1352 3930">
    <p class='ocr_par' dir='ltr' id='par_1_7' title="bbox 354 3395 1352 3930">
     <span class='ocr_line' id='line_1_28' title="bbox 402 3395 1342 3480; baseline 0.009 -24"><span class='ocrx_word' id='word_1_191' title='bbox 402 3421 446 3470; x_wconf 83' lang='lat' dir='ltr'><strong>ap.</strong></span> <span class='ocrx_word' id='word_1_192' title='bbox 470 3409 572 3470; x_wconf 77' lang='lat' dir='ltr'><strong>Geogr.</strong></span> <span class='ocrx_word' id='word_1_193' title='bbox 595 3409 627 3456; x_wconf 89' lang='lat' dir='ltr'><strong>N.</strong></span> <span class='ocrx_word' id='word_1_194' title='bbox 645 3420 671 3467; x_wconf 87' lang='lat' dir='ltr'><strong>p.</strong></span> <span class='ocrx_word' id='word_1_195' title='bbox 696 3407 741 3457; x_wconf 79' lang='lat'><strong>³7.</strong></span> <span class='ocrx_word' id='word_1_196' title='bbox 769 3407 795 3457; x_wconf 90' lang='lat' dir='ltr'><strong>in</strong></span> <span class='ocrx_word' id='word_1_197' title='bbox 814 3421 888 3458; x_wconf 79' lang='lat' dir='ltr'><strong>niara</strong></span> <span class='ocrx_word' id='word_1_198' title='bbox 910 3409 1023 3472; x_wconf 79' lang='lat' dir='ltr'><strong>Zingico</strong></span> <span class='ocrx_word' id='word_1_199' title='bbox 1052 3411 1137 3476; x_wconf 84' lang='lat' dir='ltr'><strong>sitae,·</strong></span> <span class='ocrx_word' id='word_1_200' title='bbox 1156 3395 1342 3480; x_wconf 56' lang='lat' dir='ltr'><strong>comoedum</strong></span> 
     </span>
     <span class='ocr_line' id='line_1_29' title="bbox 402 3483 1352 3568; baseline 0.003 -17"><span class='ocrx_word' id='word_1_201' title='bbox 402 3501 601 3563; x_wconf 81' lang='lat' dir='ltr'><strong>Africanorum,</strong></span> <span class='ocrx_word' id='word_1_202' title='bbox 622 3502 715 3549; x_wconf 85' lang='lat' dir='ltr'><strong>eodem</strong></span> <span class='ocrx_word' id='word_1_203' title='bbox 735 3503 813 3549; x_wconf 88' lang='lat' dir='ltr'><strong>modo</strong></span> <span class='ocrx_word' id='word_1_204' title='bbox 837 3505 1007 3565; x_wconf 84' lang='lat' dir='ltr'><strong>vocatorum,</strong></span> <span class='ocrx_word' id='word_1_205' title='bbox 1031 3506 1102 3553; x_wconf 89' lang='lat' dir='ltr'><strong>unde</strong></span> <span class='ocrx_word' id='word_1_206' title='bbox 1130 3506 1247 3554; x_wconf 83' lang='lat' dir='ltr'><strong>sortasse</strong></span> <span class='ocrx_word' id='word_1_207' title='bbox 1276 3483 1352 3568; x_wconf 39' lang='lat' dir='ltr'><strong>pro-¹</strong></span> 
     </span>
     <span class='ocr_line' id='line_1_30' title="bbox 402 3589 1344 3652; baseline 0 -8"><span class='ocrx_word' id='word_1_208' title='bbox 402 3591 573 3644; x_wconf 81' lang='lat' dir='ltr'><strong>nuntiationis</strong></span> <span class='ocrx_word' id='word_1_209' title='bbox 595 3603 689 3640; x_wconf 85' lang='lat' dir='ltr'><strong>errore</strong></span> <span class='ocrx_word' id='word_1_210' title='bbox 712 3589 763 3640; x_wconf 85' lang='lat' dir='ltr'><strong>iarn</strong></span> <span class='ocrx_word' id='word_1_211' title='bbox 790 3593 860 3652; x_wconf 84' lang='lat' dir='ltr'><strong>apud</strong></span> <span class='ocrx_word' id='word_1_212' title='bbox 890 3592 1075 3643; x_wconf 85' lang='lat' dir='ltr'><strong>Ptolomaeum</strong></span> <span class='ocrx_word' id='word_1_213' title='bbox 1097 3589 1236 3644; x_wconf 78' lang='lat' dir='ltr'><strong>montium</strong></span> <span class='ocrx_word' id='word_1_214' title='bbox 1255 3597 1344 3646; x_wconf 79' lang='lat' dir='ltr'><strong>lunae</strong></span> 
     </span>
     <span class='ocr_line' id='line_1_31' title="bbox 402 3679 1308 3748; baseline 0 -16"><span class='ocrx_word' id='word_1_215' title='bbox 402 3695 501 3732; x_wconf 86' lang='lat' dir='ltr'><strong>nomen</strong></span> <span class='ocrx_word' id='word_1_216' title='bbox 524 3681 653 3744; x_wconf 86' lang='lat' dir='ltr'><strong>originem</strong></span> <span class='ocrx_word' id='word_1_217' title='bbox 675 3682 758 3731; x_wconf 86' lang='lat' dir='ltr'><strong>duxit.</strong></span> <span class='ocrx_word' id='word_1_218' title='bbox 792 3681 835 3733; x_wconf 75' lang='lat' dir='ltr'><strong>Ui.</strong></span> <span class='ocrx_word' id='word_1_219' title='bbox 852 3684 959 3743; x_wconf 77' lang='lat' dir='ltr'><strong>Saeyns</strong></span> <span class='ocrx_word' id='word_1_220' title='bbox 976 3683 1011 3732; x_wconf 88' lang='lat' dir='ltr'><strong>ad</strong></span> <span class='ocrx_word' id='word_1_221' title='bbox 1037 3685 1144 3734; x_wconf 86' lang='lat' dir='ltr'><strong>Abdall.</strong></span> <span class='ocrx_word' id='word_1_222' title='bbox 1162 3700 1188 3748; x_wconf 85' lang='lat' dir='ltr'><strong>p.</strong></span> <span class='ocrx_word' id='word_1_223' title='bbox 1209 3685 1239 3737; x_wconf 51' lang='lat'><strong>7„</strong></span> <span class='ocrx_word' id='word_1_224' title='bbox 1299 3679 1308 3718; x_wconf 63' lang='lat' dir='ltr'><strong><em>f</em></strong></span> 
     </span>
     <span class='ocr_line' id='line_1_32' title="bbox 354 3772 1344 3839; baseline 0.002 -17"><span class='ocrx_word' id='word_1_225' title='bbox 354 3775 384 3839; x_wconf 77' lang='lat' dir='ltr'><strong>d)</strong></span> <span class='ocrx_word' id='word_1_226' title='bbox 401 3789 427 3836; x_wconf 82' lang='lat' dir='ltr'><strong>p.</strong></span> <span class='ocrx_word' id='word_1_227' title='bbox 444 3773 509 3822; x_wconf 78' lang='lat'><strong>20³.</strong></span> <span class='ocrx_word' id='word_1_228' title='bbox 535 3775 562 3820; x_wconf 83' lang='lat' dir='ltr'><strong>Is</strong></span> <span class='ocrx_word' id='word_1_229' title='bbox 582 3772 619 3820; x_wconf 88' lang='lat' dir='ltr'><strong>ait</strong></span> <span class='ocrx_word' id='word_1_230' title='bbox 637 3772 727 3820; x_wconf 87' lang='lat' dir='ltr'><strong>arbori</strong></span> <span class='ocrx_word' id='word_1_231' title='bbox 744 3785 799 3820; x_wconf 88' lang='lat' dir='ltr'><strong>non</strong></span> <span class='ocrx_word' id='word_1_232' title='bbox 815 3785 876 3820; x_wconf 86' lang='lat' dir='ltr'><strong>esse</strong></span> <span class='ocrx_word' id='word_1_233' title='bbox 891 3774 1017 3836; x_wconf 81' lang='lat' dir='ltr'><strong>fructum,</strong></span> <span class='ocrx_word' id='word_1_234' title='bbox 1034 3777 1104 3836; x_wconf 81' lang='lat' dir='ltr'><strong>quod</strong></span> <span class='ocrx_word' id='word_1_235' title='bbox 1128 3779 1229 3824; x_wconf 87' lang='lat' dir='ltr'><strong>annoto</strong></span> <span class='ocrx_word' id='word_1_236' title='bbox 1245 3780 1344 3826; x_wconf 83' lang='lat' dir='ltr'><strong>eontra</strong></span> 
     </span>
     <span class='ocr_line' id='line_1_33' title="bbox 403 3835 1345 3930; baseline 0 -16"><span class='ocrx_word' id='word_1_237' title='bbox 403 3863 590 3926; x_wconf 81' lang='lat' dir='ltr'><strong>Sprengelium</strong></span> <span class='ocrx_word' id='word_1_238' title='bbox 608 3863 704 3913; x_wconf 70' lang='lat' dir='ltr'><strong>desen.</strong></span> <span class='ocrx_word' id='word_1_239' title='bbox 721 3865 770 3910; x_wconf 84' lang='lat' dir='ltr'><strong>der</strong></span> <span class='ocrx_word' id='word_1_240' title='bbox 785 3849 907 3912; x_wconf 72' lang='lat' dir='ltr'><strong>notandi.</strong></span> <span class='ocrx_word' id='word_1_241' title='bbox 924 3835 999 3912; x_wconf 41' lang='lat' dir='ltr'><strong>edfz</strong></span> <span class='ocrx_word' id='word_1_242' title='bbox 1022 3866 1047 3928; x_wconf 84' lang='lat'><strong>1,</strong></span> <span class='ocrx_word' id='word_1_243' title='bbox 1069 3865 1136 3930; x_wconf 76' lang='grc'>225,</span> <span class='ocrx_word' id='word_1_244' title='bbox 1161 3865 1345 3930; x_wconf 79' lang='lat' dir='ltr'><strong>perhibentem</strong></span> 
     </span>
    </p>
   </div>
   <div class='ocr_carea' id='block_1_7' title="bbox 402 3962 1348 4065">
    <p class='ocr_par' dir='ltr' id='par_1_8' title="bbox 402 3962 1348 4065">
     <span class='ocr_line' id='line_1_34' title="bbox 402 3962 1348 4065; baseline 0 -43"><span class='ocrx_word' id='word_1_245' title='bbox 402 3974 651 4033; x_wconf 72' lang='lat' dir='ltr'><strong>aauddrieennam</strong></span> <span class='ocrx_word' id='word_1_246' title='bbox 665 3985 690 4033; x_wconf 83' lang='lat' dir='ltr'><strong>p.</strong></span> <span class='ocrx_word' id='word_1_247' title='bbox 709 3962 759 4023; x_wconf 65' lang='lat' dir='ltr'><em>W</em></span> <span class='ocrx_word' id='word_1_248' title='bbox 776 3968 833 4020; x_wconf 89' lang='lat' dir='ltr'><strong>eius</strong></span> <span class='ocrx_word' id='word_1_249' title='bbox 852 3971 966 4023; x_wconf 79' lang='lat' dir='ltr'><strong>fructum</strong></span> <span class='ocrx_word' id='word_1_250' title='bbox 985 3972 1118 4024; x_wconf 83' lang='lat' dir='ltr'><strong>aurniuari</strong></span> <span class='ocrx_word' id='word_1_251' title='bbox 1144 3967 1254 4065; x_wconf 50' lang='grc' dir='ltr'><strong>βψ.</strong></span> <span class='ocrx_word' id='word_1_252' title='bbox 1285 3974 1348 4023; x_wconf 73' lang='lat' dir='ltr'><strong>Sed</strong></span> 
     </span>
    </p>
   </div>
   <div class='ocr_carea' id='block_1_8' title="bbox 0 0 1544 4964">
    <p class='ocr_par' dir='ltr' id='par_1_9' title="bbox 0 0 1544 4964">
     <span class='ocr_line' id='line_1_35' title="bbox 0 0 1544 4964; baseline 0 0"><span class='ocrx_word' id='word_1_253' title='bbox 0 0 1544 4964; x_wconf 95' lang='lat' dir='ltr'><strong> </strong></span> 
     </span>
    </p>
   </div>
  </div>
 </body>
</html>
