3078 4964
685 543 725 554 ...
767 529 802 571 vl
845 543 886 556 -ι-

298 691 479 774 Singulos,
522 697 573 775 qni
608 713 650 755 ox
681 693 751 773 ipso
780 693 843 754 hoc
871 693 977 774 capite
998 695 1144 774 excerpti
1162 695 1225 756 iam
1246 695 1299 756 hic

211 858 216 870 Ι
293 797 359 857 illic
381 798 456 859 editi
480 807 619 884 exstant,
663 801 765 882 locos,
802 811 953 882 quantum
980 801 1055 864 milri
1082 803 1296 886 innotuerunt,
1402 865 1405 869 .

259 939 263 953 ι
292 906 445 967 conferre
468 916 500 968 et
523 925 774 970 commemorare
794 906 881 970 haud
903 908 1041 992 neglexi.

380 1013 437 1075 ibn
460 1014 616 1095 Hauqalis
638 1014 809 1096 descriptio
818 1017 947 1078 Sindiae
967 1018 1068 1096 petita
1082 1028 1134 1081 est
1154 1016 1301 1080 ecodice

295 1119 459 1203 Leirlanoj
478 1139 571 1202 quem
587 1122 727 1202 pluribus
741 1122 910 1203 descripsit
926 1125 1193 1209 Uylenbreekius,
1216 1127 1298 1186 lrac.

296 1227 387 1289 Pers.
409 1225 566 1306 desero.
587 1226 630 1287 75
650 1244 722 1307 sqq.
765 1227 797 1288 ls
820 1245 891 1287 cum
915 1228 976 1288 alio
998 1227 1064 1310 illo,
1087 1226 1128 1288 de
1148 1245 1210 1306 quo
1234 1225 1298 1286 dixi

296 1349 327 1410 p.
351 1331 411 1391 114
433 1332 477 1408 (n.
500 1330 571 1393 ⁷23.
594 1331 697 1395 Cetei.
720 1349 750 1391 n.
776 1332 864 1406 969),
892 1333 966 1392 milri
995 1332 1059 1394 huc
1088 1332 1298 1393 transmissus

298 1447 380 1522 erat,
404 1439 521 1522 insigni
543 1457 614 1500 cum
636 1440 834 1528 liberalitate,
857 1459 919 1521 que
941 1441 1075 1522 Batavi,
1104 1440 1206 1502 veteri
1234 1458 1297 1502 sua
1401 1473 1404 1478 ·
1518 1453 1519 1514 l

288 1547 398 1628 glorie
417 1553 454 1608 'et
468 1549 651 1609 recentibus
659 1549 785 1610 'meritis
808 1551 953 1631 summis,
971 1567 1052 1630 queo
1068 1549 1108 1610 de
1120 1546 1219 1612 literis
1232 1551 1298 1612 ori-

298 1654 452 1715 entalibus
474 1655 602 1739 hiabant,
625 1655 709 1718 haud
731 1658 882 1739 conteuti,
913 1657 1008 1718 etiam
1038 1657 1141 1718 aliene
1165 1657 1299 1720 eiusdi-

298 1764 451 1843 sciplinee
472 1762 580 1823 studia
601 1764 711 1824 iuvare
731 1765 910 1825 voluerunt.
933 1764 1090 1844 Imprimis
1103 1763 1298 1825 eutemViro
1357 1793 1365 1806 ·

297 1867 484 1929 Clarissimo
508 1868 716 1952 Wnruns107
747 1867 932 1930 academiae
952 1869 1297 1952 Lugduno-Batavae

296 1974 413 2054 decori,
445 1975 511 2056 qui,
543 1977 599 2035 vix
626 1992 666 2036 oc
699 1984 886 2038 cunctanter
915 1986 1062 2060 rogatus,
1094 1983 1203 2056 optato
1224 1995 1296 2036 meo
1331 1984 1334 1988 '

296 2083 466 2144 confestim
488 2081 717 2144 humanissime
730 2083 903 2163 respoudit,
926 2102 977 2144 me
988 2082 1091 2144 sentio
1100 2083 1297 2144 obstrictum.

295 2191 389 2254 Unde
411 2192 629 2272 gratissimum
657 2197 688 2252 et
716 2209 793 2272 erge
822 2191 904 2251 tales
924 2190 1135 2252 bibliothecae
1150 2191 1241 2271 leges
1264 2198 1297 2252 et

297 2318 378 2382 erge
401 2300 611 2361 clarissimum
638 2300 922 2380 manuscriptorum
951 2300 1151 2361 orientolium
1169 2299 1298 2380 praeie-

296 2417 383 2470 otum
407 2411 543 2470 animum
565 2427 616 2470 me
631 2409 683 2469 hic
694 2406 819 2491 publice
831 2407 970 2488 proliteri
983 2425 1080 2487 posse
1097 2424 1299 2486 summopere

295 2515 403 2578 laetor.
425 2549 466 2559 -
488 2519 524 2576 ln
545 2513 744 2595 Hauqalidae
760 2523 851 2575 textu
859 2513 1083 2575 difficultatem
1097 2514 1296 2593 potissimum

200 2685 204 2690 ,
295 2621 685 2702 nomineurbiumcreent,
709 2636 843 2700 quorum
853 2623 1177 2700 mirumquempeuca
1195 2618 1298 2680 adhuc

296 2728 427 2789 indicari
448 2733 596 2806 possuut3
633 2727 676 2786 ita
704 2726 786 2785 enim
809 2724 985 2806 depravata
1014 2735 1107 2807 sunt,
1150 2733 1296 2788 atcerte

295 2833 419 2896 restitui
450 2834 575 2895 omnino
609 2853 672 2895 non
701 2833 834 2913 possint.
878 2833 997 2894 Earum
1032 2833 1321 2913 depravationem

296 2960 427 3004 calisam
435 2940 815 3022 Fraehrriustlanoolan
836 2958 866 3019 p.
893 2939 952 3000 144
972 2937 1013 3000 cf.
1036 2940 1086 3001 49.
1107 2936 1197 3016 213.)
1213 2937 1296 3000 rcri-

296 3060 406 3132 pturoe
433 3047 570 3111 Kdfioae
592 3068 685 3111 usum
722 3047 849 3131 punctis
879 3047 1050 3110 destitutae
1078 3047 1183 3108 fuisse
1209 3045 1297 3124 vult3

296 3160 355 3224 sed
378 3160 482 3241 magis
497 3161 635 3221 fortasse
655 3159 829 3239 scriptores
851 3159 913 3238 ipsi
934 3158 1109 3220 accusandi
1126 3158 1210 3239 sunt,
1233 3155 1297 3244 qui,
1346 3132 1349 3141 s

297 3288 392 3350 quum
420 3269 479 3330 sibi
507 3275 627 3330 tanturn
655 3269 849 3349 scriberent,
884 3268 978 3348 sigua
1009 3266 1172 3328 diacritica
1193 3266 1296 3326 minus

296 3378 468 3455 curabant3
510 3375 607 3436 multa
649 3376 744 3436 etiam
786 3375 962 3436 scribarum
989 3374 1218 3435 ·Arabicorum
1246 3372 1298 3432 in·-

296 3482 409 3544 scitiae
431 3479 597 3542 tribuenda
618 3489 700 3542 sunt.
743 3480 808 3540 Pro
838 3478 1183 3558 adminiculisjjcriticis
1207 3485 1297 3539 erant

297 3587 512 3670 Geographus
534 3586 722 3666 NubicnsiS,
745 3587 799 3667 qui
820 3587 1160 3667 plurimaHauqalidae
1182 3577 1298 3647 debere
1366 3664 1367 3672 ἵ

297 3699 439 3781 videtur,
473 3707 505 3758 ot
532 3694 713 3758 Abull'adae
744 3695 871 3756 'fabulo
907 3694 1037 3756 Sindica
1073 3693 1110 3773 (e
1147 3695 1298 3756 versione

296 3805 453 3884 uersuti),
475 3806 527 3885 qui
553 3805 669 3864 multos
701 3803 844 3883 singulos
874 3803 975 3882 locos,
1004 3802 1146 3862 auctoris
1171 3801 1297 3862 nomine
1340 3872 1343 3878 Ι

296 3909 381 3972 haud
403 3910 609 3990 dissimulato,
638 3908 677 3968 ab
706 3905 886 3987 Heuqalide
913 3915 1074 3969 mutuatus
1100 3914 1160 3967 est.
1204 3903 1296 3970 Geo-

297 4017 430 4100 graphia
474 4017 615 4078 orientali
658 4015 862 4096 Ousoleyane
892 4015 989 4096 cerui,
1023 4031 1063 4075 ec
1104 4013 1201 4076 valde
1236 3992 1298 4075 do-
