<?xml version="1.0" encoding="UTF-8"?>
<!DOCTYPE html PUBLIC "-//W3C//DTD XHTML 1.0 Transitional//EN"
    "http://www.w3.org/TR/xhtml1/DTD/xhtml1-transitional.dtd">
<html xmlns="http://www.w3.org/1999/xhtml" xml:lang="en" lang="en">
 <head>
  <title>
</title>
<meta http-equiv="Content-Type" content="text/html;charset=utf-8" />
  <meta name='ocr-system' content='tesseract 3.04.00' />
  <meta name='ocr-capabilities' content='ocr_page ocr_carea ocr_par ocr_line ocrx_word'/>
</head>
<body>
  <div class='ocr_page' id='page_1' title='image "./scriptorumarabu00algoog_0183.png"; bbox 0 0 3042 4966; ppageno 0'>
   <div class='ocr_carea' id='block_1_1' title="bbox 726 547 957 609">
    <p class='ocr_par' dir='ltr' id='par_1_1' title="bbox 726 547 957 609">
     <span class='ocr_line' id='line_1_1' title="bbox 726 547 957 609; baseline 0 -1"><span class='ocrx_word' id='word_1_1' title='bbox 726 583 766 594; x_wconf 83' lang='lat'>-</span> <span class='ocrx_word' id='word_1_2' title='bbox 813 547 874 609; x_wconf 73' lang='lat' dir='ltr'><strong>tec</strong></span> <span class='ocrx_word' id='word_1_3' title='bbox 917 579 957 592; x_wconf 90' lang='grc'><strong>--</strong></span> 
     </span>
    </p>
   </div>
   <div class='ocr_carea' id='block_1_2' title="bbox 212 726 1404 3808">
    <p class='ocr_par' dir='ltr' id='par_1_2' title="bbox 340 726 1342 811">
     <span class='ocr_line' id='line_1_2' title="bbox 340 726 1342 811; baseline -0.004 -19"><span class='ocrx_word' id='word_1_4' title='bbox 340 731 437 793; x_wconf 82' lang='lat' dir='ltr'><strong>obire.</strong></span> <span class='ocrx_word' id='word_1_5' title='bbox 459 731 545 794; x_wconf 85' lang='lat' dir='ltr'><strong>Dum</strong></span> <span class='ocrx_word' id='word_1_6' title='bbox 568 729 651 794; x_wconf 86' lang='lat' dir='ltr'><strong>hoec</strong></span> <span class='ocrx_word' id='word_1_7' title='bbox 670 731 751 792; x_wconf 79' lang='lat' dir='ltr'><strong>satio</strong></span> <span class='ocrx_word' id='word_1_8' title='bbox 772 728 939 811; x_wconf 75' lang='lat' dir='ltr'><strong>diuulgata</strong></span> <span class='ocrx_word' id='word_1_9' title='bbox 959 736 1090 791; x_wconf 83' lang='lat' dir='ltr'><strong>suntet</strong></span> <span class='ocrx_word' id='word_1_10' title='bbox 1109 726 1140 790; x_wconf 87' lang='lat' dir='ltr'><strong>iu</strong></span> <span class='ocrx_word' id='word_1_11' title='bbox 1166 743 1228 790; x_wconf 80' lang='lat' dir='ltr'><strong>sua</strong></span> <span class='ocrx_word' id='word_1_12' title='bbox 1248 727 1342 808; x_wconf 62' lang='lat' dir='ltr'><strong>qm-</strong></span> 
     </span>
    </p>

    <p class='ocr_par' dir='ltr' id='par_1_3' title="bbox 338 820 1344 1238">
     <span class='ocr_line' id='line_1_3' title="bbox 342 820 1344 917; baseline -0.003 -20"><span class='ocrx_word' id='word_1_13' title='bbox 342 853 404 917; x_wconf 84' lang='lat' dir='ltr'><strong>que</strong></span> <span class='ocrx_word' id='word_1_14' title='bbox 424 855 483 897; x_wconf 86' lang='lat' dir='ltr'><strong>rex</strong></span> <span class='ocrx_word' id='word_1_15' title='bbox 521 855 559 896; x_wconf 88' lang='lat' dir='ltr'><strong>se</strong></span> <span class='ocrx_word' id='word_1_16' title='bbox 580 835 783 916; x_wconf 85' lang='lat' dir='ltr'><strong>praeparavit</strong></span> <span class='ocrx_word' id='word_1_17' title='bbox 812 835 915 898; x_wconf 87' lang='lat' dir='ltr'><strong>insula</strong></span> <span class='ocrx_word' id='word_1_18' title='bbox 940 833 981 896; x_wconf 93' lang='lat' dir='ltr'><strong>ad</strong></span> <span class='ocrx_word' id='word_1_19' title='bbox 1009 820 1211 916; x_wconf 73' lang='lat' dir='ltr'><strong>lllahrig&#39;um</strong></span> <span class='ocrx_word' id='word_1_20' title='bbox 1245 832 1344 916; x_wconf 71' lang='lat' dir='ltr'><strong>digne</strong></span> 
     </span>
     <span class='ocr_line' id='line_1_4' title="bbox 340 939 1342 1024; baseline 0 -22"><span class='ocrx_word' id='word_1_21' title='bbox 340 941 572 1024; x_wconf 86' lang='lat' dir='ltr'><strong>excipiendum,</strong></span> <span class='ocrx_word' id='word_1_22' title='bbox 596 943 666 1021; x_wconf 84' lang='lat' dir='ltr'><strong>ipse</strong></span> <span class='ocrx_word' id='word_1_23' title='bbox 688 941 834 1004; x_wconf 85' lang='lat' dir='ltr'><strong>omuibus</strong></span> <span class='ocrx_word' id='word_1_24' title='bbox 850 941 922 1018; x_wconf 69' lang='lat' dir='ltr'><strong>,rite</strong></span> <span class='ocrx_word' id='word_1_25' title='bbox 950 941 1103 1003; x_wconf 78' lang='lat' dir='ltr'><strong>ordinatis</strong></span> <span class='ocrx_word' id='word_1_26' title='bbox 1129 949 1163 1002; x_wconf 85' lang='lat' dir='ltr'><strong>et</strong></span> <span class='ocrx_word' id='word_1_27' title='bbox 1189 939 1342 1020; x_wconf 70' lang='lat' dir='ltr'><strong>perfectis</strong></span> 
     </span>
     <span class='ocr_line' id='line_1_5' title="bbox 339 1049 1342 1131; baseline 0 -21"><span class='ocrx_word' id='word_1_28' title='bbox 339 1051 469 1131; x_wconf 80' lang='lat' dir='ltr'><strong>navigia</strong></span> <span class='ocrx_word' id='word_1_29' title='bbox 491 1049 677 1110; x_wconf 76' lang='lat' dir='ltr'><strong>conscendit</strong></span> <span class='ocrx_word' id='word_1_30' title='bbox 698 1057 731 1110; x_wconf 91' lang='lat' dir='ltr'><strong>et</strong></span> <span class='ocrx_word' id='word_1_31' title='bbox 752 1068 822 1110; x_wconf 90' lang='lat' dir='ltr'><strong>cum</strong></span> <span class='ocrx_word' id='word_1_32' title='bbox 845 1049 1039 1113; x_wconf 82' lang='lat' dir='ltr'><strong>exercituin</strong></span> <span class='ocrx_word' id='word_1_33' title='bbox 1061 1065 1194 1131; x_wconf 84' lang='lat' dir='ltr'><strong>reguum</strong></span> <span class='ocrx_word' id='word_1_34' title='bbox 1215 1049 1342 1110; x_wconf 82' lang='lat' dir='ltr'><strong>Kumti-</strong></span> 
     </span>
     <span class='ocr_line' id='line_1_6' title="bbox 338 1155 1344 1238; baseline 0 -20"><span class='ocrx_word' id='word_1_35' title='bbox 338 1175 434 1232; x_wconf 83' lang='lat' dir='ltr'><strong>rense</strong></span> <span class='ocrx_word' id='word_1_36' title='bbox 457 1157 592 1238; x_wconf 85' lang='lat' dir='ltr'><strong>traiecit,</strong></span> <span class='ocrx_word' id='word_1_37' title='bbox 616 1157 707 1216; x_wconf 87' lang='lat' dir='ltr'><strong>euius</strong></span> <span class='ocrx_word' id='word_1_38' title='bbox 727 1175 786 1217; x_wconf 85' lang='lat' dir='ltr'><strong>rex</strong></span> <span class='ocrx_word' id='word_1_39' title='bbox 808 1155 884 1216; x_wconf 86' lang='lat' dir='ltr'>nihil</span> <span class='ocrx_word' id='word_1_40' title='bbox 906 1157 970 1217; x_wconf 84' lang='lat' dir='ltr'><strong>tale</strong></span> <span class='ocrx_word' id='word_1_41' title='bbox 990 1157 1174 1238; x_wconf 80' lang='lat' dir='ltr'><strong>suspicatus</strong></span> <span class='ocrx_word' id='word_1_42' title='bbox 1197 1165 1258 1238; x_wconf 82' lang='lat' dir='ltr'><strong>est,</strong></span> <span class='ocrx_word' id='word_1_43' title='bbox 1276 1155 1344 1218; x_wconf 88' lang='lat' dir='ltr'><strong>do-</strong></span> 
     </span>
    </p>

    <p class='ocr_par' dir='ltr' id='par_1_4' title="bbox 341 1255 1343 1346">
     <span class='ocr_line' id='line_1_7' title="bbox 341 1255 1343 1346; baseline 0 -20"><span class='ocrx_word' id='word_1_44' title='bbox 341 1280 401 1326; x_wconf 84' lang='lat' dir='ltr'><strong>nec</strong></span> <span class='ocrx_word' id='word_1_45' title='bbox 423 1266 475 1326; x_wconf 91' lang='lat' dir='ltr'><strong>ille</strong></span> <span class='ocrx_word' id='word_1_46' title='bbox 488 1266 517 1324; x_wconf 90' lang='lat' dir='ltr'><strong>iu</strong></span> <span class='ocrx_word' id='word_1_47' title='bbox 540 1264 669 1326; x_wconf 86' lang='lat' dir='ltr'><strong>fluvium</strong></span> <span class='ocrx_word' id='word_1_48' title='bbox 686 1264 848 1327; x_wconf 75' lang='lat' dir='ltr'><strong>adsedem</strong></span> <span class='ocrx_word' id='word_1_49' title='bbox 863 1255 1343 1346; x_wconf 81' lang='lat' dir='ltr'><strong>imperiiduceutetuirtvehorc-</strong></span> 
     </span>
    </p>

    <p class='ocr_par' dir='ltr' id='par_1_5' title="bbox 340 1350 1404 1456">
     <span class='ocr_line' id='line_1_8' title="bbox 340 1350 1404 1456; baseline 0 -22"><span class='ocrx_word' id='word_1_50' title='bbox 340 1382 400 1434; x_wconf 87' lang='lat' dir='ltr'><strong>tur.</strong></span> <span class='ocrx_word' id='word_1_51' title='bbox 443 1350 628 1436; x_wconf 69' lang='lat' dir='ltr'><strong>Euercitum</strong></span> <span class='ocrx_word' id='word_1_52' title='bbox 644 1391 844 1456; x_wconf 79' lang='lat' dir='ltr'><strong>aggressus,</strong></span> <span class='ocrx_word' id='word_1_53' title='bbox 867 1393 923 1454; x_wconf 88' lang='lat' dir='ltr'><strong>por</strong></span> <span class='ocrx_word' id='word_1_54' title='bbox 942 1373 1123 1436; x_wconf 71' lang='lat' dir='ltr'><strong>socordiam</strong></span> <span class='ocrx_word' id='word_1_55' title='bbox 1146 1365 1231 1454; x_wconf 82' lang='lat' dir='ltr'><strong>ce&#39;pit</strong></span> <span class='ocrx_word' id='word_1_56' title='bbox 1246 1391 1343 1454; x_wconf 86' lang='lat' dir='ltr'><strong>prae·</strong></span> <span class='ocrx_word' id='word_1_57' title='bbox 1399 1363 1404 1366; x_wconf 65' lang='grc'><strong>’</strong></span> 
     </span>
    </p>

    <p class='ocr_par' dir='ltr' id='par_1_6' title="bbox 342 1478 1343 1564">
     <span class='ocr_line' id='line_1_9' title="bbox 342 1478 1343 1564; baseline 0.002 -24"><span class='ocrx_word' id='word_1_58' title='bbox 342 1478 447 1540; x_wconf 84' lang='lat' dir='ltr'><strong>lectos</strong></span> <span class='ocrx_word' id='word_1_59' title='bbox 471 1481 580 1558; x_wconf 81' lang='lat' dir='ltr'><strong>orltis3·</strong></span> <span class='ocrx_word' id='word_1_60' title='bbox 595 1479 708 1542; x_wconf 86' lang='lat' dir='ltr'><strong>deiude</strong></span> <span class='ocrx_word' id='word_1_61' title='bbox 730 1483 799 1561; x_wconf 88' lang='lat' dir='ltr'><strong>ipsa</strong></span> <span class='ocrx_word' id='word_1_62' title='bbox 822 1483 898 1544; x_wconf 81' lang='lat' dir='ltr'><strong>urbe</strong></span> <span class='ocrx_word' id='word_1_63' title='bbox 911 1483 1040 1564; x_wconf 85' lang='lat' dir='ltr'><strong>potitus,</strong></span> <span class='ocrx_word' id='word_1_64' title='bbox 1064 1490 1097 1544; x_wconf 90' lang='lat' dir='ltr'><strong>et</strong></span> <span class='ocrx_word' id='word_1_65' title='bbox 1109 1483 1219 1543; x_wconf 85' lang='lat' dir='ltr'><strong>ineolis</strong></span> <span class='ocrx_word' id='word_1_66' title='bbox 1236 1484 1267 1543; x_wconf 88' lang='lat' dir='ltr'><strong>iu</strong></span> <span class='ocrx_word' id='word_1_67' title='bbox 1282 1483 1343 1543; x_wconf 67' lang='lat' dir='ltr'><strong>cli«-</strong></span> 
     </span>
    </p>

    <p class='ocr_par' dir='ltr' id='par_1_7' title="bbox 212 1575 1350 1991">
     <span class='ocr_line' id='line_1_10' title="bbox 244 1575 1346 1672; baseline 0.005 -27"><span class='ocrx_word' id='word_1_68' title='bbox 244 1581 293 1613; x_wconf 68' lang='grc'><strong>’“·</strong></span> <span class='ocrx_word' id='word_1_69' title='bbox 342 1575 482 1650; x_wconf 81' lang='lat' dir='ltr'><strong>eutelam</strong></span> <span class='ocrx_word' id='word_1_70' title='bbox 505 1588 654 1672; x_wconf 73' lang='lat' dir='ltr'><strong>receptis,</strong></span> <span class='ocrx_word' id='word_1_71' title='bbox 678 1590 924 1652; x_wconf 77' lang='lat' dir='ltr'><strong>incolumitatem</strong></span> <span class='ocrx_word' id='word_1_72' title='bbox 946 1593 1133 1672; x_wconf 88' lang='lat' dir='ltr'><strong>proclamari</strong></span> <span class='ocrx_word' id='word_1_73' title='bbox 1153 1592 1255 1653; x_wconf 87' lang='lat' dir='ltr'><strong>iussit.</strong></span> <span class='ocrx_word' id='word_1_74' title='bbox 1275 1592 1346 1654; x_wconf 77' lang='lat' dir='ltr'><strong>lle-</strong></span> 
     </span>
     <span class='ocr_line' id='line_1_11' title="bbox 212 1677 1349 1779; baseline 0.004 -25"><span class='ocrx_word' id='word_1_75' title='bbox 212 1677 217 1692; x_wconf 70' lang='grc'>’</span> <span class='ocrx_word' id='word_1_76' title='bbox 337 1710 421 1773; x_wconf 57' lang='lat' dir='ltr'><strong>xgeru</strong></span> <span class='ocrx_word' id='word_1_77' title='bbox 443 1697 605 1774; x_wconf 84' lang='lat' dir='ltr'><strong>captivum</strong></span> <span class='ocrx_word' id='word_1_78' title='bbox 627 1697 748 1758; x_wconf 80' lang='lat' dir='ltr'><strong>iactum</strong></span> <span class='ocrx_word' id='word_1_79' title='bbox 770 1715 842 1758; x_wconf 86' lang='lat' dir='ltr'><strong>cum</strong></span> <span class='ocrx_word' id='word_1_80' title='bbox 864 1695 994 1779; x_wconf 69' lang='lat' dir='ltr'><strong>venito,</strong></span> <span class='ocrx_word' id='word_1_81' title='bbox 1029 1696 1112 1758; x_wconf 90' lang='lat' dir='ltr'><strong>dum·</strong></span> <span class='ocrx_word' id='word_1_82' title='bbox 1129 1698 1201 1777; x_wconf 85' lang='lat' dir='ltr'><strong>ipse</strong></span> <span class='ocrx_word' id='word_1_83' title='bbox 1221 1699 1251 1758; x_wconf 87' lang='lat' dir='ltr'><strong>iu</strong></span> <span class='ocrx_word' id='word_1_84' title='bbox 1279 1697 1349 1758; x_wconf 77' lang='lat' dir='ltr'><strong>citis</strong></span> 
     </span>
     <span class='ocr_line' id='line_1_12' title="bbox 345 1796 1348 1880; baseline 0.002 -22"><span class='ocrx_word' id='word_1_85' title='bbox 345 1796 459 1861; x_wconf 83' lang='lat' dir='ltr'><strong>throno</strong></span> <span class='ocrx_word' id='word_1_86' title='bbox 481 1798 622 1880; x_wconf 85' lang='lat' dir='ltr'><strong>sederet,</strong></span> <span class='ocrx_word' id='word_1_87' title='bbox 645 1809 846 1880; x_wconf 82' lang='lat' dir='ltr'><strong>praesentem</strong></span> <span class='ocrx_word' id='word_1_88' title='bbox 866 1800 983 1862; x_wconf 84' lang='lat' dir='ltr'><strong>sistere</strong></span> <span class='ocrx_word' id='word_1_89' title='bbox 1011 1800 1104 1862; x_wconf 81' lang='lat' dir='ltr'><strong>iussit</strong></span> <span class='ocrx_word' id='word_1_90' title='bbox 1130 1807 1164 1860; x_wconf 87' lang='lat' dir='ltr'><strong>ct</strong></span> <span class='ocrx_word' id='word_1_91' title='bbox 1193 1800 1240 1860; x_wconf 90' lang='lat' dir='ltr'><strong>ita</strong></span> <span class='ocrx_word' id='word_1_92' title='bbox 1266 1801 1348 1860; x_wconf 86' lang='lat' dir='ltr'><strong>allo-</strong></span> 
     </span>
     <span class='ocr_line' id='line_1_13' title="bbox 342 1903 1350 1991; baseline 0.003 -27"><span class='ocrx_word' id='word_1_93' title='bbox 342 1910 439 1964; x_wconf 86' lang='lat' dir='ltr'><strong>cutus</strong></span> <span class='ocrx_word' id='word_1_94' title='bbox 461 1911 528 1966; x_wconf 87' lang='lat' dir='ltr'><strong>est:</strong></span> <span class='ocrx_word' id='word_1_95' title='bbox 552 1903 637 1981; x_wconf 81' lang='lat' dir='ltr'><strong>Quid</strong></span> <span class='ocrx_word' id='word_1_96' title='bbox 654 1913 686 1966; x_wconf 87' lang='lat' dir='ltr'><strong>te</strong></span> <span class='ocrx_word' id='word_1_97' title='bbox 698 1907 828 1989; x_wconf 75' lang='lat' dir='ltr'><strong>impulit,</strong></span> <span class='ocrx_word' id='word_1_98' title='bbox 848 1905 932 1968; x_wconf 83' lang='lat' dir='ltr'><strong>ulid</strong></span> <span class='ocrx_word' id='word_1_99' title='bbox 950 1913 1090 1991; x_wconf 81' lang='lat' dir='ltr'><strong>optares,</strong></span> <span class='ocrx_word' id='word_1_100' title='bbox 1113 1905 1198 1988; x_wconf 89' lang='lat' dir='ltr'><strong>quod</strong></span> <span class='ocrx_word' id='word_1_101' title='bbox 1219 1905 1350 1968; x_wconf 72' lang='lat' dir='ltr'><strong>efficere</strong></span> 
     </span>
    </p>

    <p class='ocr_par' dir='ltr' id='par_1_8' title="bbox 293 2011 1372 2310">
     <span class='ocr_line' id='line_1_14' title="bbox 341 2011 1348 2096; baseline 0.006 -30"><span class='ocrx_word' id='word_1_102' title='bbox 341 2025 405 2068; x_wconf 88' lang='lat' dir='ltr'><strong>uon</strong></span> <span class='ocrx_word' id='word_1_103' title='bbox 426 2025 554 2091; x_wconf 87' lang='lat' dir='ltr'><strong>posses,</strong></span> <span class='ocrx_word' id='word_1_104' title='bbox 585 2017 618 2070; x_wconf 88' lang='lat' dir='ltr'><strong>et</strong></span> <span class='ocrx_word' id='word_1_105' title='bbox 639 2011 669 2071; x_wconf 93' lang='lat' dir='ltr'><strong>iu</strong></span> <span class='ocrx_word' id='word_1_106' title='bbox 692 2027 774 2094; x_wconf 89' lang='lat' dir='ltr'><strong>quo,</strong></span> <span class='ocrx_word' id='word_1_107' title='bbox 805 2013 834 2073; x_wconf 86' lang='lat' dir='ltr'><strong>si</strong></span> <span class='ocrx_word' id='word_1_108' title='bbox 863 2021 977 2074; x_wconf 83' lang='lat' dir='ltr'><strong>noetus</strong></span> <span class='ocrx_word' id='word_1_109' title='bbox 1010 2014 1151 2096; x_wconf 80' lang='lat' dir='ltr'><strong>fuisses,</strong></span> <span class='ocrx_word' id='word_1_110' title='bbox 1182 2013 1267 2075; x_wconf 82' lang='lat' dir='ltr'><strong>nulla</strong></span> <span class='ocrx_word' id='word_1_111' title='bbox 1296 2015 1348 2073; x_wconf 88' lang='lat' dir='ltr'><strong>iu-</strong></span> 
     </span>
     <span class='ocr_line' id='line_1_15' title="bbox 293 2115 1349 2202; baseline 0.008 -31"><span class='ocrx_word' id='word_1_112' title='bbox 293 2121 447 2186; x_wconf 75' lang='lat' dir='ltr'><strong>22veola</strong></span> <span class='ocrx_word' id='word_1_113' title='bbox 461 2124 549 2176; x_wconf 78' lang='lat' dir='ltr'><strong>eset</strong></span> <span class='ocrx_word' id='word_1_114' title='bbox 571 2115 700 2194; x_wconf 86' lang='lat' dir='ltr'><strong>utilitas,</strong></span> <span class='ocrx_word' id='word_1_115' title='bbox 726 2117 863 2197; x_wconf 85' lang='lat' dir='ltr'><strong>denique</strong></span> <span class='ocrx_word' id='word_1_116' title='bbox 886 2119 1072 2180; x_wconf 83' lang='lat' dir='ltr'><strong>euiusuulla</strong></span> <span class='ocrx_word' id='word_1_117' title='bbox 1093 2136 1194 2181; x_wconf 84' lang='lat' dir='ltr'><strong>eausa</strong></span> <span class='ocrx_word' id='word_1_118' title='bbox 1207 2117 1349 2202; x_wconf 80' lang='lat' dir='ltr'><strong>indagari</strong></span> 
     </span>
     <span class='ocr_line' id='line_1_16' title="bbox 349 2213 1372 2310; baseline 0.012 -31"><span class='ocrx_word' id='word_1_119' title='bbox 349 2214 482 2308; x_wconf 75' lang='lat' dir='ltr'><strong>potest‘l</strong></span> <span class='ocrx_word' id='word_1_120' title='bbox 527 2219 629 2298; x_wconf 80' lang='lat' dir='ltr'><strong>Quum</strong></span> <span class='ocrx_word' id='word_1_121' title='bbox 652 2223 727 2284; x_wconf 84' lang='lat' dir='ltr'><strong>uiltil</strong></span> <span class='ocrx_word' id='word_1_122' title='bbox 749 2225 945 2304; x_wconf 86' lang='lat' dir='ltr'><strong>respondere</strong></span> <span class='ocrx_word' id='word_1_123' title='bbox 962 2227 1115 2310; x_wconf 75' lang='lat' dir='ltr'><strong>liaberet,</strong></span> <span class='ocrx_word' id='word_1_124' title='bbox 1149 2213 1372 2310; x_wconf 72' lang='lat' dir='ltr'><strong>Morog‘ue„</strong></span> 
     </span>
    </p>

    <p class='ocr_par' dir='ltr' id='par_1_9' title="bbox 346 2328 1348 2416">
     <span class='ocr_line' id='line_1_17' title="bbox 346 2328 1348 2416; baseline 0.003 -22"><span class='ocrx_word' id='word_1_125' title='bbox 346 2328 383 2394; x_wconf 79' lang='lat' dir='ltr'><strong>Si</strong></span> <span class='ocrx_word' id='word_1_126' title='bbox 392 2330 519 2409; x_wconf 69' lang='lat' dir='ltr'><strong>,irtquit</strong></span> <span class='ocrx_word' id='word_1_127' title='bbox 531 2339 564 2392; x_wconf 89' lang='lat' dir='ltr'><strong>ut</strong></span> <span class='ocrx_word' id='word_1_128' title='bbox 572 2343 669 2410; x_wconf 86' lang='lat' dir='ltr'><strong>caput</strong></span> <span class='ocrx_word' id='word_1_129' title='bbox 678 2351 781 2394; x_wconf 85' lang='lat' dir='ltr'><strong>tuettm</strong></span> <span class='ocrx_word' id='word_1_130' title='bbox 792 2335 822 2394; x_wconf 90' lang='lat' dir='ltr'><strong>in</strong></span> <span class='ocrx_word' id='word_1_131' title='bbox 832 2335 938 2414; x_wconf 87' lang='lat' dir='ltr'><strong>patina</strong></span> <span class='ocrx_word' id='word_1_132' title='bbox 946 2353 1054 2397; x_wconf 88' lang='lat' dir='ltr'><strong>eoram</strong></span> <span class='ocrx_word' id='word_1_133' title='bbox 1065 2344 1097 2396; x_wconf 88' lang='lat' dir='ltr'><strong>tc</strong></span> <span class='ocrx_word' id='word_1_134' title='bbox 1112 2335 1253 2416; x_wconf 82' lang='lat' dir='ltr'><strong>videres,</strong></span> <span class='ocrx_word' id='word_1_135' title='bbox 1275 2353 1348 2396; x_wconf 83' lang='lat' dir='ltr'><strong>eum</strong></span> 
     </span>
    </p>

    <p class='ocr_par' dir='ltr' id='par_1_10' title="bbox 345 2434 1350 3052">
     <span class='ocr_line' id='line_1_18' title="bbox 345 2434 1349 2520; baseline 0.004 -24"><span class='ocrx_word' id='word_1_136' title='bbox 345 2435 377 2496; x_wconf 92' lang='lat' dir='ltr'><strong>iu</strong></span> <span class='ocrx_word' id='word_1_137' title='bbox 398 2434 493 2496; x_wconf 85' lang='lat' dir='ltr'><strong>liueru</strong></span> <span class='ocrx_word' id='word_1_138' title='bbox 510 2445 679 2519; x_wconf 81' lang='lat' dir='ltr'><strong>optasses,</strong></span> <span class='ocrx_word' id='word_1_139' title='bbox 702 2445 736 2498; x_wconf 90' lang='lat' dir='ltr'><strong>ut</strong></span> <span class='ocrx_word' id='word_1_140' title='bbox 759 2457 891 2520; x_wconf 82' lang='lat' dir='ltr'><strong>reguum</strong></span> <span class='ocrx_word' id='word_1_141' title='bbox 916 2459 1021 2502; x_wconf 88' lang='lat' dir='ltr'><strong>meum</strong></span> <span class='ocrx_word' id='word_1_142' title='bbox 1049 2440 1164 2520; x_wconf 80' lang='lat' dir='ltr'><strong>publici</strong></span> <span class='ocrx_word' id='word_1_143' title='bbox 1193 2441 1268 2500; x_wconf 85' lang='lat' dir='ltr'><strong>iuris</strong></span> <span class='ocrx_word' id='word_1_144' title='bbox 1295 2441 1349 2501; x_wconf 84' lang='lat' dir='ltr'><strong>la-</strong></span> 
     </span>
     <span class='ocr_line' id='line_1_19' title="bbox 348 2541 1350 2628; baseline -0.002 -22"><span class='ocrx_word' id='word_1_145' title='bbox 348 2558 439 2606; x_wconf 80' lang='lat' dir='ltr'><strong>teres</strong></span> <span class='ocrx_word' id='word_1_146' title='bbox 460 2559 562 2620; x_wconf 87' lang='lat' dir='ltr'><strong>coque</strong></span> <span class='ocrx_word' id='word_1_147' title='bbox 584 2541 728 2620; x_wconf 84' lang='lat' dir='ltr'><strong>petitoris</strong></span> <span class='ocrx_word' id='word_1_148' title='bbox 749 2543 803 2603; x_wconf 86' lang='lat' dir='ltr'><strong>vel</strong></span> <span class='ocrx_word' id='word_1_149' title='bbox 825 2551 949 2622; x_wconf 84' lang='lat' dir='ltr'><strong>partem</strong></span> <span class='ocrx_word' id='word_1_150' title='bbox 970 2545 1042 2604; x_wconf 87' lang='lat' dir='ltr'><strong>eius</strong></span> <span class='ocrx_word' id='word_1_151' title='bbox 1062 2541 1238 2628; x_wconf 76' lang='lat' dir='ltr'><strong>perderes:</strong></span> <span class='ocrx_word' id='word_1_152' title='bbox 1266 2561 1350 2610; x_wconf 88' lang='lat' dir='ltr'><strong>nuuc</strong></span> 
     </span>
     <span class='ocr_line' id='line_1_20' title="bbox 349 2635 1348 2730; baseline 0 -18"><span class='ocrx_word' id='word_1_153' title='bbox 349 2651 451 2714; x_wconf 76' lang='lat' dir='ltr'><strong>omniu</strong></span> <span class='ocrx_word' id='word_1_154' title='bbox 483 2650 565 2711; x_wconf 89' lang='lat' dir='ltr'><strong>lraec</strong></span> <span class='ocrx_word' id='word_1_155' title='bbox 586 2650 758 2712; x_wconf 82' lang='lat' dir='ltr'><strong>¹aduersus</strong></span> <span class='ocrx_word' id='word_1_156' title='bbox 787 2658 818 2712; x_wconf 88' lang='lat' dir='ltr'><strong>te</strong></span> <span class='ocrx_word' id='word_1_157' title='bbox 831 2635 833 2640; x_wconf 52' lang='grc'>’</span> <span class='ocrx_word' id='word_1_158' title='bbox 847 2665 1097 2730; x_wconf 68' lang='lat' dir='ltr'><strong>perpetrassem</strong></span> <span class='ocrx_word' id='word_1_159' title='bbox 1134 2649 1201 2710; x_wconf 78' lang='lat' dir='ltr'><strong>leur</strong></span> <span class='ocrx_word' id='word_1_160' title='bbox 1231 2659 1348 2730; x_wconf 82' lang='lat' dir='ltr'><strong>autom,</strong></span> 
     </span>
     <span class='ocr_line' id='line_1_21' title="bbox 349 2756 1349 2840; baseline -0.002 -20"><span class='ocrx_word' id='word_1_161' title='bbox 349 2777 446 2840; x_wconf 90' lang='lat' dir='ltr'><strong>quum</strong></span> <span class='ocrx_word' id='word_1_162' title='bbox 468 2757 541 2818; x_wconf 85' lang='lat' dir='ltr'><strong>uilril</strong></span> <span class='ocrx_word' id='word_1_163' title='bbox 562 2757 645 2820; x_wconf 88' lang='lat' dir='ltr'><strong>ultra</strong></span> <span class='ocrx_word' id='word_1_164' title='bbox 664 2757 799 2838; x_wconf 81' lang='lat' dir='ltr'><strong>optasti,</strong></span> <span class='ocrx_word' id='word_1_165' title='bbox 830 2775 893 2838; x_wconf 82' lang='lat' dir='ltr'><strong>ego</strong></span> <span class='ocrx_word' id='word_1_166' title='bbox 916 2757 998 2818; x_wconf 91' lang='lat' dir='ltr'><strong>idem</strong></span> <span class='ocrx_word' id='word_1_167' title='bbox 1026 2756 1084 2818; x_wconf 89' lang='lat' dir='ltr'><strong>tibi</strong></span> <span class='ocrx_word' id='word_1_168' title='bbox 1110 2757 1226 2820; x_wconf 81' lang='lat' dir='ltr'><strong>faciam</strong></span> <span class='ocrx_word' id='word_1_169' title='bbox 1257 2766 1291 2820; x_wconf 86' lang='lat' dir='ltr'><strong>et</strong></span> <span class='ocrx_word' id='word_1_170' title='bbox 1316 2757 1349 2818; x_wconf 89' lang='lat' dir='ltr'><strong>iu</strong></span> 
     </span>
     <span class='ocr_line' id='line_1_22' title="bbox 346 2863 1347 2948; baseline 0 -20"><span class='ocrx_word' id='word_1_171' title='bbox 346 2863 475 2928; x_wconf 79' lang='lat' dir='ltr'><strong>domum</strong></span> <span class='ocrx_word' id='word_1_172' title='bbox 496 2866 617 2948; x_wconf 81' lang='lat' dir='ltr'><strong>redibo,</strong></span> <span class='ocrx_word' id='word_1_173' title='bbox 640 2885 734 2928; x_wconf 90' lang='lat' dir='ltr'><strong>mauu</strong></span> <span class='ocrx_word' id='word_1_174' title='bbox 755 2866 838 2929; x_wconf 86' lang='lat' dir='ltr'><strong>haud</strong></span> <span class='ocrx_word' id='word_1_175' title='bbox 850 2875 995 2933; x_wconf 77' lang='lat' dir='ltr'><strong>&#39;extensa</strong></span> <span class='ocrx_word' id='word_1_176' title='bbox 1015 2867 1057 2934; x_wconf 90' lang='lat' dir='ltr'><strong>ad</strong></span> <span class='ocrx_word' id='word_1_177' title='bbox 1073 2867 1173 2928; x_wconf 82' lang='lat' dir='ltr'><strong>ullam</strong></span> <span class='ocrx_word' id='word_1_178' title='bbox 1194 2869 1224 2928; x_wconf 89' lang='lat' dir='ltr'><strong>iu</strong></span> <span class='ocrx_word' id='word_1_179' title='bbox 1247 2885 1347 2948; x_wconf 67' lang='lat' dir='ltr'><strong>reguo</strong></span> 
     </span>
     <span class='ocr_line' id='line_1_23' title="bbox 346 2977 1349 3052; baseline 0.006 -22"><span class='ocrx_word' id='word_1_180' title='bbox 346 2983 491 3036; x_wconf 79' lang='lat' dir='ltr'><strong>tuorem</strong></span> <span class='ocrx_word' id='word_1_181' title='bbox 513 2989 616 3049; x_wconf 83' lang='lat' dir='ltr'><strong>oeque</strong></span> <span class='ocrx_word' id='word_1_182' title='bbox 636 2989 786 3052; x_wconf 84' lang='lat' dir='ltr'><strong>maguam</strong></span> <span class='ocrx_word' id='word_1_183' title='bbox 814 2991 919 3052; x_wconf 86' lang='lat' dir='ltr'><strong>ueque</strong></span> <span class='ocrx_word' id='word_1_184' title='bbox 947 2991 1083 3052; x_wconf 88' lang='lat' dir='ltr'><strong>parvam</strong></span> <span class='ocrx_word' id='word_1_185' title='bbox 1118 2977 1184 3037; x_wconf 66' lang='lat' dir='ltr'><strong>alta</strong></span> <span class='ocrx_word' id='word_1_186' title='bbox 1212 2989 1349 3036; x_wconf 78' lang='lat' dir='ltr'><strong>succce-</strong></span> 
     </span>
    </p>

    <p class='ocr_par' dir='ltr' id='par_1_11' title="bbox 343 3075 1352 3372">
     <span class='ocr_line' id='line_1_24' title="bbox 343 3075 1350 3156; baseline 0.005 -21"><span class='ocrx_word' id='word_1_187' title='bbox 343 3078 410 3136; x_wconf 82' lang='lat' dir='ltr'><strong>sori</strong></span> <span class='ocrx_word' id='word_1_188' title='bbox 438 3085 493 3138; x_wconf 90' lang='lat' dir='ltr'><strong>tuo</strong></span> <span class='ocrx_word' id='word_1_189' title='bbox 529 3075 589 3140; x_wconf 79' lang='lat' dir='ltr'><strong>fiae</strong></span> <span class='ocrx_word' id='word_1_190' title='bbox 617 3079 793 3156; x_wconf 49' lang='lat' dir='ltr'><strong>exemplos</strong></span> <span class='ocrx_word' id='word_1_191' title='bbox 822 3079 930 3140; x_wconf 86' lang='lat' dir='ltr'><strong>Nemo</strong></span> <span class='ocrx_word' id='word_1_192' title='bbox 965 3078 1092 3142; x_wconf 76' lang='lat' dir='ltr'><strong>modurn</strong></span> <span class='ocrx_word' id='word_1_193' title='bbox 1118 3080 1179 3142; x_wconf 83' lang='lat' dir='ltr'><strong>silti</strong></span> <span class='ocrx_word' id='word_1_194' title='bbox 1206 3079 1350 3140; x_wconf 83' lang='lat' dir='ltr'><strong>destina·-</strong></span> 
     </span>
     <span class='ocr_line' id='line_1_25' title="bbox 348 3183 1350 3266; baseline 0.007 -22"><span class='ocrx_word' id='word_1_195' title='bbox 348 3191 415 3244; x_wconf 87' lang='lat' dir='ltr'><strong>tum</strong></span> <span class='ocrx_word' id='word_1_196' title='bbox 452 3183 581 3246; x_wconf 75' lang='lat' dir='ltr'><strong>excedit</strong></span> <span class='ocrx_word' id='word_1_197' title='bbox 617 3184 742 3246; x_wconf 89' lang='lat' dir='ltr'><strong>etiamsi</strong></span> <span class='ocrx_word' id='word_1_198' title='bbox 769 3185 905 3264; x_wconf 79' lang='lat' dir='ltr'><strong>salutem</strong></span> <span class='ocrx_word' id='word_1_199' title='bbox 940 3187 1039 3249; x_wconf 84' lang='lat' dir='ltr'><strong>ultra·</strong></span> <span class='ocrx_word' id='word_1_200' title='bbox 1056 3185 1184 3249; x_wconf 85' lang='lat' dir='ltr'><strong>modum</strong></span> <span class='ocrx_word' id='word_1_201' title='bbox 1208 3195 1350 3266; x_wconf 84' lang='lat' dir='ltr'><strong>appetat.</strong></span> 
     </span>
     <span class='ocr_line' id='line_1_26' title="bbox 353 3277 1352 3372; baseline 0 -18"><span class='ocrx_word' id='word_1_202' title='bbox 353 3293 436 3364; x_wconf 78' lang='lat' dir='ltr'><strong>&#39;l&#39;um</strong></span> <span class='ocrx_word' id='word_1_203' title='bbox 455 3311 527 3354; x_wconf 77' lang='lat' dir='ltr'><strong>oum</strong></span> <span class='ocrx_word' id='word_1_204' title='bbox 550 3293 657 3372; x_wconf 85' lang='lat' dir='ltr'><strong>eapite</strong></span> <span class='ocrx_word' id='word_1_205' title='bbox 678 3294 939 3356; x_wconf 82' lang='lat' dir='ltr'><strong>truncari-iussit.</strong></span> <span class='ocrx_word' id='word_1_206' title='bbox 973 3277 1160 3358; x_wconf 75' lang='lat' dir='ltr'><strong>Conuersus</strong></span> <span class='ocrx_word' id='word_1_207' title='bbox 1179 3303 1288 3358; x_wconf 76' lang='lat' dir='ltr'><strong>autera</strong></span> <span class='ocrx_word' id='word_1_208' title='bbox 1309 3292 1352 3355; x_wconf 91' lang='lat' dir='ltr'><strong>ad</strong></span> 
     </span>
    </p>

    <p class='ocr_par' dir='ltr' id='par_1_12' title="bbox 261 3395 1361 3696">
     <span class='ocr_line' id='line_1_27' title="bbox 261 3395 1361 3482; baseline -0.005 -18"><span class='ocrx_word' id='word_1_209' title='bbox 261 3449 267 3464; x_wconf 87' lang='lat'><em>.</em></span> <span class='ocrx_word' id='word_1_210' title='bbox 349 3395 632 3480; x_wconf 57' lang='lat' dir='ltr'><strong>venumdare,</strong></span> <span class='ocrx_word' id='word_1_211' title='bbox 655 3400 985 3480; x_wconf 38' lang='lat' dir='ltr'><strong>iuquit,muueri1tue</strong></span> <span class='ocrx_word' id='word_1_212' title='bbox 1014 3401 1218 3482; x_wconf 73' lang='lat' dir='ltr'><strong>satiaiecisti,</strong></span> <span class='ocrx_word' id='word_1_213' title='bbox 1247 3405 1361 3480; x_wconf 59' lang='lat' dir='ltr'><strong>neque*</strong></span> 
     </span>
     <span class='ocr_line' id='line_1_28' title="bbox 346 3505 1351 3589; baseline -0.001 -21"><span class='ocrx_word' id='word_1_214' title='bbox 346 3505 421 3568; x_wconf 86' lang='lat' dir='ltr'><strong>mihi</strong></span> <span class='ocrx_word' id='word_1_215' title='bbox 452 3505 630 3587; x_wconf 88' lang='lat' dir='ltr'><strong>displicuit,</strong></span> <span class='ocrx_word' id='word_1_216' title='bbox 671 3507 753 3589; x_wconf 90' lang='lat' dir='ltr'><strong>quod</strong></span> <span class='ocrx_word' id='word_1_217' title='bbox 782 3519 815 3570; x_wconf 88' lang='lat' dir='ltr'><strong>tu</strong></span> <span class='ocrx_word' id='word_1_218' title='bbox 849 3509 975 3570; x_wconf 91' lang='lat' dir='ltr'><strong>domiuo</strong></span> <span class='ocrx_word' id='word_1_219' title='bbox 1007 3509 1174 3589; x_wconf 87' lang='lat' dir='ltr'><strong>prudenter</strong></span> <span class='ocrx_word' id='word_1_220' title='bbox 1205 3507 1351 3588; x_wconf 86' lang='lat' dir='ltr'><strong>suasisti,</strong></span> 
     </span>
     <span class='ocr_line' id='line_1_29' title="bbox 349 3595 1351 3696; baseline -0.002 -22"><span class='ocrx_word' id='word_1_221' title='bbox 349 3595 519 3674; x_wconf 85' lang='lat' dir='ltr'><strong>dummodo</strong></span> <span class='ocrx_word' id='word_1_222' title='bbox 545 3613 599 3674; x_wconf 88' lang='lat' dir='ltr'><strong>tibi</strong></span> <span class='ocrx_word' id='word_1_223' title='bbox 622 3615 885 3695; x_wconf 87' lang='lat' dir='ltr'><strong>obtemperasset.</strong></span> <span class='ocrx_word' id='word_1_224' title='bbox 927 3603 979 3675; x_wconf 76' lang='lat' dir='ltr'><strong>du</strong></span> <span class='ocrx_word' id='word_1_225' title='bbox 1005 3616 1101 3696; x_wconf 83' lang='lat' dir='ltr'><strong>igitur</strong></span> <span class='ocrx_word' id='word_1_226' title='bbox 1120 3615 1195 3677; x_wconf 87' lang='lat' dir='ltr'><strong>volo</strong></span> <span class='ocrx_word' id='word_1_227' title='bbox 1220 3613 1351 3692; x_wconf 89' lang='lat' dir='ltr'><strong>prospi-</strong></span> 
     </span>
    </p>

    <p class='ocr_par' dir='ltr' id='par_1_13' title="bbox 251 3718 1352 3808">
     <span class='ocr_line' id='line_1_30' title="bbox 251 3718 1352 3808; baseline -0.003 -27"><span class='ocrx_word' id='word_1_228' title='bbox 251 3793 253 3800; x_wconf 29' lang='lat'><strong>,</strong></span> <span class='ocrx_word' id='word_1_229' title='bbox 348 3719 417 3781; x_wconf 88' lang='lat' dir='ltr'><strong>cias</strong></span> <span class='ocrx_word' id='word_1_230' title='bbox 439 3739 524 3800; x_wconf 90' lang='lat' dir='ltr'><strong>eum,</strong></span> <span class='ocrx_word' id='word_1_231' title='bbox 547 3720 599 3802; x_wconf 90' lang='lat' dir='ltr'><strong>qui</strong></span> <span class='ocrx_word' id='word_1_232' title='bbox 619 3730 693 3800; x_wconf 82' lang='lat' dir='ltr'><strong>post</strong></span> <span class='ocrx_word' id='word_1_233' title='bbox 720 3720 868 3783; x_wconf 82' lang='lat' dir='ltr'><strong>stolidum</strong></span> <span class='ocrx_word' id='word_1_234' title='bbox 882 3719 983 3782; x_wconf 89' lang='lat' dir='ltr'><strong>&#39;illum</strong></span> <span class='ocrx_word' id='word_1_235' title='bbox 1012 3737 1114 3800; x_wconf 85' lang='lat' dir='ltr'><strong>reguo</strong></span> <span class='ocrx_word' id='word_1_236' title='bbox 1145 3718 1352 3808; x_wconf 79' lang='lat' dir='ltr'><strong>dignissimus</strong></span> 
     </span>
    </p>
   </div>
   <div class='ocr_carea' id='block_1_3' title="bbox 350 3849 574 3862">
    <p class='ocr_par' dir='ltr' id='par_1_14' title="bbox 350 3849 574 3862">
     <span class='ocr_line' id='line_1_31' title="bbox 350 3849 574 3862; baseline 0.004 -1"><span class='ocrx_word' id='word_1_237' title='bbox 350 3849 574 3862; x_wconf 47' lang='grc' dir='ltr'><strong>-ᾱ-</strong></span> 
     </span>
    </p>
   </div>
   <div class='ocr_carea' id='block_1_4' title="bbox 368 3929 1352 4092">
    <p class='ocr_par' dir='ltr' id='par_1_15' title="bbox 368 3929 1352 4092">
     <span class='ocr_line' id='line_1_32' title="bbox 368 3929 1352 4013; baseline -0.002 -25"><span class='ocrx_word' id='word_1_238' title='bbox 368 3940 397 4003; x_wconf 85' lang='lat' dir='ltr'><strong>l)</strong></span> <span class='ocrx_word' id='word_1_239' title='bbox 415 3939 533 4004; x_wconf 85' lang='lat' dir='ltr'><strong>Oll&#39;eudlt¹</strong></span> <span class='ocrx_word' id='word_1_240' title='bbox 551 3941 713 3992; x_wconf 69' lang='lat' dir='ltr'><strong>vocabulum</strong></span> <span class='ocrx_word' id='word_1_241' title='bbox 730 3929 850 4003; x_wconf 52' lang='grc' dir='ltr'><strong><em>θὼρλ</em></strong></span> <span class='ocrx_word' id='word_1_242' title='bbox 861 3938 935 3988; x_wconf 87' lang='lat' dir='ltr'><strong>euius</strong></span> <span class='ocrx_word' id='word_1_243' title='bbox 948 3938 1015 4013; x_wconf 82' lang='lat' dir='ltr'><strong>luca</strong></span> <span class='ocrx_word' id='word_1_244' title='bbox 1032 3937 1176 4000; x_wconf 72' lang='lat' dir='ltr'><strong>legendum</strong></span> <span class='ocrx_word' id='word_1_245' title='bbox 1200 3949 1263 3986; x_wconf 84' lang='lat' dir='ltr'><strong>esse</strong></span> <span class='ocrx_word' id='word_1_246' title='bbox 1279 3947 1352 3986; x_wconf 85' lang='lat' dir='ltr'><strong>cou-</strong></span> 
     </span>
     <span class='ocr_line' id='line_1_33' title="bbox 412 4053 602 4092; baseline 0.021 -4"><span class='ocrx_word' id='word_1_247' title='bbox 412 4053 472 4090; x_wconf 87' lang='lat' dir='ltr'><strong>ueto</strong></span> <span class='ocrx_word' id='word_1_248' title='bbox 503 4053 602 4092; x_wconf 65' lang='lat' dir='ltr'><strong>am&gt;</strong></span> 
     </span>
    </p>
   </div>
   <div class='ocr_carea' id='block_1_5' title="bbox 0 0 1530 4966">
    <p class='ocr_par' dir='ltr' id='par_1_16' title="bbox 0 0 1530 4966">
     <span class='ocr_line' id='line_1_34' title="bbox 0 0 1530 4966; baseline 0 0"><span class='ocrx_word' id='word_1_249' title='bbox 0 0 1530 4966; x_wconf 95' lang='lat' dir='ltr'><strong> </strong></span> 
     </span>
    </p>
   </div>
  </div>
 </body>
</html>
