3078 4964
645 546 853 618 ...pam

191 702 199 720 '
244 726 457 809 umayyaoae
478 727 681 792 nocrimen
698 711 1098 812 ·(es·so'=esr-roe)
1127 747 1243 812 perse-

249 832 375 894 cutione
395 834 544 916 fugerant
564 845 597 898 et
616 836 648 896 in
669 845 743 898 octo
765 837 976 917 'l'oprobanae
989 838 1119 900 urbibus
1127 853 1244 899 secure

245 942 440 1003 collocarunt
460 924 648 1004 domicilia⁹
671 939 875 1027 Emporium,
910 947 1004 1026 quale
1031 944 1113 1006 haec
1140 943 1244 1006 insula

244 1064 301 1127 per
322 1049 427 1112 omnia
453 1051 586 1112 saecula
612 1051 693 1133 fuit,
716 1051 813 1114 etiam
834 1052 962 1115 Arabes
982 1072 1044 1114 non
1059 1051 1162 1134 potuit
1180 1062 1260 1114 non

244 1155 391 1238 allicere,
441 1158 591 1238 quorum
612 1158 653 1218 ibi
684 1158 871 1220 morantium
907 1177 1072 1222 numerum
1106 1157 1244 1239 amplum

245 1281 356 1325 omncs
377 1263 450 1325 inde
471 1266 510 1327 ab
529 1263 734 1345 Indopleusta
743 1274 779 1346 et
796 1264 967 1327 Abunaido
988 1264 1164 1348 scriptores
1190 1271 1244 1325 te-

247 1377 379 1431 stentur.
401 1371 502 1434 Plena
522 1371 706 1434 fruebantur
727 1391 890 1434 sacrorum
910 1371 1057 1435 libertale
1084 1380 1182 1454 atque
1199 1371 1255 1458 ita¹

246 1477 337 1538 mixti
358 1485 448 1538 erant
471 1479 609 1540 omnium
630 1478 813 1560 religionem
835 1480 999 1561 asseclae,
1022 1486 1056 1540 ut
1083 1497 1142 1540 rex
1162 1495 1244 1559 qua-

247 1589 320 1642 tuor
342 1601 361 1643 e
379 1586 494 1663 quavis
514 1585 678 1666 religione,
701 1603 795 1646 suem
815 1584 900 1669 dico,
919 1563 1144 1665 Christianam,
1166 1583 1244 1645 illu-

247 1675 478 1754 hammedi'cam
499 1699 533 1752 et
557 1690 730 1774 Iudaicam,
763 1689 895 1752 veziros
916 1690 1068 1752 habuisse
1095 1689 1244 1770 perhibe-

247 1802 328 1855 atur.
377 1796 484 1856 Etiam
512 1795 619 1857 modia
654 1797 686 1858 in
713 1797 818 1860 insula
833 1868 836 1876 ¹
850 1798 1001 1878 templum
1031 1796 1246 1866 muslimicum

246 1909 316 1964 eret
335 1921 434 1983 prope
448 1901 542 2000 μί
562 1903 671 1964 urbem
692 1899 859 1986 regiam.¹⁰
898 1905 1033 1966 Praeter
1054 1903 1245 1982 reliquorum
1353 1927 1357 1935 ·

246 1999 395 2062 Indorum
425 2019 547 2064 morem
572 2003 695 2076 incolee
722 2003 885 2066 mendicos
906 2001 1245 2065 Mubammcdanorum

246 2104 431 2189 ieligiosos,
454 2109 507 2188 qui
531 2108 624 2190 iaqiri
644 2117 815 2192 vocantur,
835 2109 974 2192 hospitio
989 2108 1192 2190 excipiebant
1212 2113 1246 2168 et

246 2216 353 2298 magni
374 2217 593 2278 aestimabant.
604 2218 623 2256 ¹¹
653 2221 697 2282 Ut
716 2219 756 2280 eb
778 2217 895 2282 Indicis
916 2217 1107 2299 principibus
1128 2216 1244 2278 etiam-

245 2341 320 2384 num
341 2323 409 2385 lieri
431 2325 525 2408 solet,
547 2325 610 2386 iam
632 2335 707 2390 tunc
728 2323 770 2388 ibi
790 2327 934 2390 Muslimi
961 2333 1089 2408 propter
1115 2323 1245 2388 fortitu-

178 2501 184 2509 ,
245 2431 348 2494 dinem
370 2432 514 2494 bellicam
535 2431 575 2494 od
597 2433 754 2514 stipendia
779 2433 930 2496 merendo
958 2431 1117 2514 indigenis
1147 2445 1244 2512 prae-

245 2533 468 2600 ferebantur.¹²
494 2538 658 2619 Accessit,
686 2537 918 2618 quodpropter
948 2537 1089 2616 regionis
1117 2552 1245 2615 quoque

244 2648 467 2737 amoenitatem
488 2648 577 2710 multi
602 2625 645 2709 ibi
674 2665 731 2730 per
757 2644 886 2729 aliquod
906 2652 1031 2728 tempus
1052 2635 1244 2704 viverent¹³

313 2898 332 2933 a
348 2887 410 2933 Mar
435 2883 539 2945 sapore
562 2883 589 2934 et
615 2882 677 2930 Mor
710 2879 813 2933 Peroze
847 2875 982 2930 conditam
1008 2884 1070 2922 esse
1098 2867 1247 2936 perhibeat,

313 2975 434 3039 apparet,
451 2973 478 3023 iu
489 2973 536 3022 illo
554 2985 666 3024 numero
684 2983 804 3020 errorem
821 2979 882 3018 esse
898 2966 1076 3027 commissum,
1094 2964 1247 3012 etrortasse

256 3107 258 3114 .
306 3069 420 3116 centum
437 3076 525 3114 annos
542 3075 654 3114 numero
672 3041 728 3109 680
745 3073 806 3110 esse
824 3059 969 3109 addendos.
1004 3057 1045 3105 Ab
1068 3059 1180 3118 utraque
1200 3053 1250 3106 illa

312 3157 401 3206 differt
424 3167 490 3204 aera
509 3153 720 3204 Christianorum
737 3150 764 3198 in
785 3146 946 3209 Malabaria‚
970 3157 1039 3209 quae
1063 3143 1151 3210 incipit
1175 3151 1246 3192 nuno

306 3249 377 3300 655.
395 3249 500 3296 Assem.
517 3247 566 3310 ill,
583 3244 610 3296 2.
628 3241 693 3293 440.
710 3239 775 3290 443.

264 3341 295 3396 5)
313 3353 339 3398 p.
358 3338 421 3386 172.
487 3341 518 3395 6)
536 3337 571 3384 oi.
589 3345 671 3396 supra
687 3345 750 3394 pag.
767 3329 805 3379 48
820 3330 876 3381 not.
899 3328 924 3379 1.
991 3326 1022 3384 7)
1039 3339 1069 3386 p.
1090 3323 1152 3376 ito.

262 3431 294 3486 8)
313 3429 362 3477 Ibn
379 3430 437 3482 liet.
457 3427 518 3478 182.
553 3423 698 3488 Qazviuius
714 3436 738 3470 s.
759 3433 785 3470 v.
806 3414 910 3484 sellio,
929 3415 1072 3469 serandib.
1275 3487 1277 3492 Ι

177 3489 182 3502 ¹
262 3522 292 3581 9)
311 3523 407 3570 Trans.
423 3521 456 3570 R.
472 3521 520 3570 As.
541 3519 604 3568 Soc.
619 3518 641 3565 l.
659 3513 712 3568 538
726 3511 758 3580 †.
778 3509 854 3576 Quae
866 3511 1033 3578 Johnstonrrs
1052 3519 1087 3557 ex
1105 3515 1153 3553 ora
1174 3513 1248 3552 mer-

269 3657 273 3661 .
316 3614 437 3660 catorum
455 3609 572 3658 Arabum
590 3603 703 3668 occepit,
722 3605 851 3666 pleraque
868 3603 924 3654 ilde¹
937 3602 1019 3664 digna
1037 3598 1175 3658 videntur,
1189 3591 1249 3648 ‚eur

313 3705 340 3755 in
357 3702 480 3766 singulis,
498 3705 527 3750 ot
543 3701 666 3749 locorum
683 3695 842 3760 nominibus,
860 3693 940 3744 etiam
958 3692 1030 3742 falsa
1048 3690 1161 3736 decursu
1179 3687 1249 3733 tem-

244 3831 248 3838 .
314 3795 388 3856 poris
406 3805 436 3842 se
459 3789 657 3840 immiscuerint.
692 3783 769 3850 Quae
794 3786 827 3832 de
850 3781 1022 3844 inscriptione
1043 3786 1125 3839 supro
1145 3787 1248 3836 memo-

313 3884 399 3932 randa
415 3880 503 3942 babet,
521 3891 555 3928 ea
571 3875 654 3941 ipsius
675 3871 853 3934 inscriptionis
870 3869 959 3919 verbis
975 3878 1030 3916 non
1047 3863 1248 3916 confirmantur.

252 3973 299 4038 10)
317 3974 366 4022 lbn
382 3971 458 4020 Batlr.
477 3967 539 4017 186.
611 3966 660 4024 11)
678 3966 712 4015 id.
729 3978 755 4026 p.
773 3963 819 4014 43.
886 3961 933 4015 12)
951 3959 989 4006 Μ.
1005 3955 1105 4006 Paulus
1122 3956 1168 4022 111,
1185 3955 1232 4008 22.

253 4059 462 4129 1³)Ano.iiel.
480 4071 505 4120 p.
525 4056 587 4108 101.
606 4056 669 4107 102.
688 4053 751 4104 104.
769 4047 869 4114 Geogr.
888 4048 922 4096 N.
938 4062 964 4111 p.
982 4047 1028 4098 aa.
