3042 4966
632 560 675 581 a·
714 529 769 594 91²
798 555 840 575 .-

238 735 353 782 nomen
374 715 459 780 batis·
473 721 611 798 constat,
629 732 729 796 'quum
739 713 771 774 in
786 721 919 793 quatuor
933 709 1024 774 codd.
1039 713 1085 774 ita
1095 711 1237 774 varietur

239 826 377 914 carleoli>
404 827 515 912 aab,
543 827 704 915 ὐἱ-ψ)
729 824 845 910 W,
877 821 1021 912 tri-rer>
1048 849 1140 922 ω’»
1174 834 1236 919 ⁸209

239 955 372 1038 ormi>-
494 963 496 970 ’
1067 983 1071 990 ’

323 1067 406 1150 Quid
427 1065 612 1153 designetur
633 1069 710 1132 libro
734 1061 921 1148 Sindabridi,
950 1059 1013 1129 iam
1035 1074 1124 1129 reete
1152 1063 1237 1126 divi-

232 1181 355 1242 'narunt
377 1181 506 1261 Sacyus
528 1181 596 1260 alii3
619 1179 678 1239 alio
701 1179 771 1240 loeo
795 1174 936 1238 Masridii
964 1176 1045 1236 infra
1073 1168 1179 1235 edito2
1207 1161 1239 1232 iil

239 1297 361 1348 certum
391 1286 443 1366 lit,
474 1283 527 1346 ubi
562 1293 722 1366 narratur,
761 1291 918 1364 regnante
955 1281 1081 1374 lialhitc
1116 1280 1240 1341 vixisse

240 1391 457 1454 sindantdum
479 1400 641 1454 auctorem
665 1391 732 1450 libri
753 1399 876 1469 septem
899 1371 1099 1468 uezirorum,
1143 1407 1237 1469 prae-

236 1485 392 1577 ceptoris,
414 1496 541 1556 iuvenis
559 1505 592 1558 et
613 1495 754 1576 reginae,
777 1494 829 1577 qui
850 1483 948 1575 vulgo
967 1497 1153 1556 inscribatur
1161 1495 1239 1556 liber

241 1601 425 1666 Sindabidi.
466 1605 611 1683 Apparet
641 1601 775 1662 eundem
797 1602 1021 1681 essentium,
1065 1619 1158 1681 quem
1179 1619 1239 1663 nos

238 1708 352 1772 librum
374 1718 496 1789 reptem
526 1705 704 1788 sapientum
730 1707 949 1786 nominamus,
984 1706 1038 1766 vel
1065 1706 1240 1769 secundum
1269 1709 1273 1714 ’

240 1814 366 1875 'l'ureos
387 1814 497 1874 librum
520 1809 931 1894 qnadragintavezirorum,
955 1810 1045 1869 cuius
1058 1803 1241 1872 versionem

243 1942 263 1984 a
284 1901 432 2004 primaria
453 1923 556 1983 forma
576 1920 663 1982 haud
684 1921 775 1980 nimis
797 1921 965 1979 alienatam
987 1926 1019 1979 et
1044 1935 1242 1980 commemo·

243 2029 321 2090 ratis
343 2029 521 2092 nominibus
544 2024 706 2107 Vislnnis,
735 2029 862 2108 linguae
882 2028 1074 2108 constituae,
1099 2026 1242 2088 Padma·

240 2137 336 2212 nibbi
351 2136 538 2199 Brahmanae
559 2137 662 2198 adhuc
686 2135 824 2197 lodieam
847 2135 998 2218 originem
1019 2133 1244 2196 testificantem

242 2244 284 2324 mj
308 2245 454 2306 noctibus
475 2247 558 2306 male
579 2243 708 2304 inseruit
730 2237 958 2303 Gauttierius.³
976 2242 1103 2302 Nomen
1126 2251 1243 2302 aucto-

243 2351 286 2411 ris
307 2349 410 2411 fuisse
432 2349 597 2413 ‘sinuabat
618 2357 753 2410 testatur
774 2346 961 2429 Masirdius3
979 2349 1013 2410 in
1034 2348 1112 2409 libro
1135 2346 1243 2410 Gaut·

201 2491 203 2498 ι
237 2487 495 2498 :wunn-

308 2558 358 2608 nst
376 2559 497 2614 narratio
514 2532 578 2609 iaris
596 2559 685 2609 faceta
700 2560 733 2608 de
748 2561 807 2608 Abu
826 2553 932 2622 Yirsufi‚
949 2555 1130 2608 iurisconsulti
1147 2556 1242 2608 elaris·
1303 2569 1315 2582 ·

296 2646 379 2714 elmi,
397 2650 456 2696 nrte
473 2647 589 2714 callida,
613 2661 674 2711 qua,
692 2633 770 2712 ouum
786 2646 912 2698 Hortinos
928 2651 1020 2700 fratris
1037 2649 1159 2698 lbralrimi
1175 2662 1244 2698 eon-

307 2737 429 2785 oubiuam
446 2736 472 2784 in
490 2738 682 2786 matrimonium
708 2742 805 2790 ducere
829 2741 926 2804 vellet,
954 2740 1043 2804 legem
1067 2739 1243 2788 Musliruioam

308 2825 399 2887 illusit,
421 2829 565 2875 secundum
584 2841 661 2889 quam
679 2830 776 2876 nemini
794 2829 866 2891 licet,
884 2842 941 2878 cum
962 2841 1046 2880 uxore
1063 2829 1153 2876 fratris
1177 2803 1244 2877 eou-

309 2916 408 2977 ingium
431 2915 512 2981 inire,
543 2921 685 2978 antequam
703 2917 735 2964 ab
753 2917 806 2964 alio
825 2920 904 2966 dueta
922 2919 955 2966 sit
973 2923 1000 2967 et
1023 2920 1170 2978 repudiata.
1203 2919 1246 2967 Eo

310 3007 443 3070 narratio,
460 3019 538 3067 quam
556 3007 592 3054 ita
610 3010 673 3066 apte
691 3019 725 3054 ex
746 3008 854 3058 Persico
882 3009 949 3058 libro
977 3007 1131 3074 Nigriristziu
1164 3012 1245 3061 tradit

310 3099 475 3148 Richardson
494 3095 672 3158 (Dissertcon
695 3100 847 3162 languages
873 3105 923 3149 etc.
947 3103 975 3149 ol
998 3105 1047 3151 tire
1064 3107 1173 3152 eastern
1195 3117 1245 3152 na·
1313 3081 1316 3088 Ι

310 3190 380 3242 tiens
403 3205 428 3251 p.
451 3191 507 3239 lxiv
531 3193 573 3238 ed.
608 3191 690 3255 1829)
725 3192 804 3243 etium
834 3194 969 3242 iuvenitur
1008 3195 1032 3240 in
1061 3191 1098 3258 mj
1127 3197 1245 3244 noctium

311 3298 384 3344 tomo
402 3297 463 3345 vn.
480 3310 506 3357 p.
523 3287 559 3348 itt
577 3295 645 3345 non.
679 3298 735 3344 seu
753 3297 786 3344 ur
802 3294 933 3347 unianimo
950 3299 1108 3348 substitutus
1126 3304 1167 3348 est
1182 3296 1245 3348 c'a-

309 3403 353 3451 lar
370 3400 487 3463 veritur,
513 3415 565 3462 qua
592 3415 622 3452 re
644 3404 743 3452 lactum
773 3406 824 3469 est,
850 3408 876 3453 ut
908 3383 1028 3455 narratio
1056 3407 1109 3456 iam
1136 3418 1244 3455 sensum

294 3498 414 3540 'omnem
434 3491 560 3541 amiserit.
633 3493 665 3556 2)
684 3489 708 3556 p}
732 3495 771 3547 12.

261 3581 292 3646 8)
308 3583 339 3630 ln
357 3583 445 3630 torma
461 3571 521 3633 libri
536 3563 614 3634 inter*
624 3597 675 3634 nos
692 3587 807 3648 vulgata
823 3600 905 3636 scena
923 3585 1001 3646 estin
1018 3601 1103 3650 reguo
1121 3589 1244 3635 Romano

244 3681 248 3692 '
313 3678 341 3724 et
358 3673 541 3723 Diocletianus
560 3679 654 3724 eodem
673 3677 752 3726 modo
770 3677 803 3726 ibi
822 3691 870 3736 pro
889 3689 955 3738 rege
974 3677 1063 3726 Indico
1087 3673 1245 3724 substitutus

313 3769 366 3828 est,
384 3769 412 3815 nt
430 3762 521 3816 llarriu
534 3767 659 3817 Alrashid
677 3770 702 3817 iu
720 3765 757 3831 nij
776 3769 904 3818 noctibus.
941 3771 994 3817 Sed
1012 3778 1092 3816 nenio
1110 3764 1171 3818 lude
1188 3768 1245 3814 lio-

314 3868 419 3908 manarn
437 3859 495 3908 libri
507 3861 636 3924 originem
649 3863 835 3912 demonstrare
845 3861 992 3934 conabitur.
1010 3885 1043 3896 »-
1060 3859 1166 3909 Parisiis
1181 3873 1246 3910 ver-

268 4011 271 4018 ,
316 3951 419 3999 sionem
439 3950 570 3999 Graecam
589 3954 698 4001 exitere
715 3955 800 4002 adbuc
818 3953 952 4014 ineditam,
971 3949 996 3998 iu
1019 3963 1070 4012 qua
1086 3963 1136 4000 rex
1155 3948 1244 4012 Cyrus

323 4039 475 4104 uoinetirr,
497 4051 539 4089 ure
557 4043 636 4090 docet
653 4043 689 4093 V,
707 4037 749 4092 111.
767 4045 975 4093 Senuucuurus.
