3078 4964
606 556 812 622 ...43-

218 743 401 813 'sinensium
433 737 657 809 r'eietioninns⁵
678 738 778 819 'nobis
806 739 949 805 iunotrrit
989 740 1041 804 Ea
1066 740 1098 804 in
1130 739 1214 804 urbe

219 841 756 936 Velebhi7Guzereteepeniusuice
773 849 847 912 oiim
864 850 983 930 capite,
996 849 1210 914 hodicBnlbhi
1244 855 1252 866 “

217 967 349 1040 vocata,
371 959 491 1022 decern
503 957 646 1020 milliaris
665 943 804 1039 An'glice
825 957 1074 1037 septentrionem
1093 976 1211 1022 versus

217 1076 251 1130 ct
265 1065 463 1130 occidentem
477 1085 498 1128 n
509 1066 763 1148 Bhewnnugger
774 1057 869 1149 site⁶‚
884 1064 957 1126 inde
972 1075 1115 1147 aquario
1134 1085 1213 1130 sse-

217 1177 289 1240 culo
310 1175 440 1249 exstitit,
458 1181 497 1236 'et
516 1174 556 1238 ab
574 1173 721 1236 urbevet
741 1173 874 1256 regione
901 1172 1042 1236 Valebhi
1069 1172 1214 1237 denomiu

217 1291 293 1346 nete
314 1291 374 1346 est.
414 1285 526 1364 ltaque
546 1282 738 1344 vocabulum
788 1283 855 1378 [414
878 1288 980 1344 ortum
1002 1289 1056 1344 est
1075 1300 1117 1342 ex
1136 1282 1214 1364 pri-

217 1423 301 1489 krite
327 1425 429 1486 formu
453 1407 603 1512 W
622 1440 679 1503 pro
699 1397 871 1502 stetim&
904 1423 1008 1502 Quum
1033 1443 1139 1486 corum
1160 1444 1215 1487 rc-

219 1550 319 1612 gnum
362 1516 556 1612 Gurg'erem
597 1537 630 1590 ct
675 1516 910 1594 Seurrisht'rem
944 1525 1214 1618 complecteretur,

221 1638 346 1700 ommno
366 1646 455 1700 recte
474 1637 601 1700 Arabes
622 1637 690 1701 eius
710 1637 816 1702 finium
845 1636 1087 1724 descriptionem
1114 1643 1216 1712 trudi·
1245 1713 1248 1719 ¹

288 1870 405 1922 senten
423 1866 598 1918 definiendam
615 1869 727 1933 sufficit3
743 1869 866 1921 idoneam
883 1869 953 1923 enim
975 1885 1030 1924 non
1047 1874 1126 1925 video
1147 1874 1218 1926 rati-

287 1973 376 2028 onem,
395 1965 575 2012 extremorum
593 1963 716 2013 carminis
733 1977 861 2014 versuum
872 1967 1035 2017 authentiam
1045 1969 1217 2022 addubitandi

286 2066 346 2106 curn
364 2054 471 2106 doctiss.
489 2052 625 2120 Sciritzio,
642 2052 716 2104 udor
731 2055 858 2120 Gesdnge
876 2060 924 2109 des
942 2058 1015 2109 Bink.
1032 2073 1057 2121 p.
1077 2058 1102 2109 1.
1117 2060 1160 2109 Ex
1176 2061 1219 2109 in-
1247 2109 1249 2114 ,

285 2146 471 2209 scriptionibus
491 2149 672 2200 eWathenio
694 2149 713 2200 l.
736 2147 756 2199 l.
780 2152 857 2201 editis
878 2155 994 2216 quatuor
1016 2153 1092 2201 nobis
1118 2153 1219 2217 cogniti

186 2305 188 2314 1
286 2243 350 2290 suut
367 2239 597 2312 Qridhernseuee,
627 2244 660 2292 de
681 2257 793 2306 quorum
813 2245 898 2307 primo
921 2257 1010 2327 sermo
1033 2260 1094 2296 esse
1116 2247 1219 2314 nequit,

212 2407 215 2411 Δ
289 2361 369 2412 quum
396 2348 499 2398 titulum
522 2351 624 2400 tantum
640 2328 754 2411 ᾗτιπτῖᾗ
779 2353 902 2414 gesserit.
935 2351 978 2402 Ex
1001 2353 1109 2416 reliquis
1133 2351 1216 2406 tribus

288 2457 389 2525 primus
405 2458 532 2522 regnavit
549 2473 583 2509 err
602 2458 739 2512 Wetirenii
757 2461 962 2513 ratiocinatione
980 2475 1004 2514 o.
1021 2475 1046 2522 e.
1071 2465 1142 2530 626,
1172 2464 1222 2520 sed
1314 2523 1319 2535 .

288 2553 390 2602 certior
407 2555 450 2603 est
465 2553 598 2614 Jecquetii
615 2555 760 2616 sententie,
779 2554 823 2614 qui
840 2566 875 2604 ex
892 2554 1044 2604 sinensium
1061 2556 1222 2618 peregrine-

291 2646 379 2694 torum
396 2645 551 2694 narratione
575 2645 697 2704 (brevior
713 2658 747 2695 ea
764 2649 854 2697 exstet
874 2648 933 2696 iioe
949 2649 1028 2698 Koue
1050 2649 1085 2696 Kt
1108 2662 1134 2710 p.
1159 2649 1222 2714 292,

286 2736 335 2784 sed
352 2734 396 2798 ibi,
414 2737 442 2782 ut
460 2733 575 2800 videtur,
592 2747 648 2784 non
663 2748 775 2797 prorsus
788 2738 862 2785 recte
874 2738 970 2793 versa)
984 2749 1044 2786 euin
1056 2737 1143 2786 medio
1156 2749 1221 2786 sae·

291 2827 353 2879 culo
370 2831 448 2878 sexto
466 2829 596 2892 assignet.
631 2829 771 2878 Secundus
788 2835 815 2879 et
839 2829 934 2880 tertius
963 2831 1072 2880 fuerunt
1096 2832 1223 2880 decessor

293 2923 321 2977 et
337 2933 479 2969 successor
495 2921 688 2971 Dirruvasenne
707 2921 752 2970 vel
767 2916 1008 2986 Dhruvebirat't'ae‚
1026 2935 1077 2984 quo
1089 2924 1223 2985 regnante

292 2989 342 3062 sui>
360 3025 456 3061 annunt
476 3011 529 3060 632
550 3015 649 3060 terrum
672 3011 759 3060 Hiuen
783 3012 892 3074 Tisaug
915 3011 1022 3074 invisit,
1057 3014 1128 3062 unde
1151 3011 1224 3064 illum

292 3101 414 3156 ineunte,
441 3101 510 3150 huuc
539 3101 625 3149 medio
655 3099 764 3149 saeculo
792 3099 905 3166 septimo
927 3111 1059 3161 regnasse
1080 3099 1224 3163 colligitur.

295 3195 361 3244 inde
385 3197 487 3242 certum
510 3191 540 3241 tit
561 3200 670 3240 cannen
691 3190 869 3240 inter'enuos
894 3188 949 3240 tto
971 3194 999 3239 et
1021 3189 1077 3238 coo
1098 3191 1225 3253 scriptum

296 3297 367 3338 esse.
400 3286 487 3346 Ununr
505 3284 575 3345 quod
591 3281 724 3344 Jacquetii
740 3281 912 3331 coniecturae
930 3281 1039 3332 obstare
1055 3282 1153 3360 video,
1175 3282 1226 3331 hoo

267 3383 270 3388 '
294 3383 349 3443 est,
376 3380 449 3441 quod
471 3376 606 3438 inscriptio
631 3378 750 3436 tempore
769 3373 984 3446 Qridhernsenee
1004 3373 1087 3434 print
1102 3376 1250 3433 contectav

296 3470 360 3520 anni
382 3469 446 3520 noni
465 3473 560 3518 notam
585 3453 663 3530 ge'rit.
696 3468 770 3515 Aera
794 3470 884 3515 autem
903 3465 1109 3532 'Valebhitarpm
1132 3463 1227 3524 incepit

248 3527 251 3546 Ι
301 3575 373 3613 enno
404 3561 465 3611 Chr.
489 3533 616 3626 ditsut
638 3561 750 3620 apparet
774 3569 807 3606 ex
829 3556 1000 3618 inscriptione
1021 3559 1092 3618 apud
1116 3554 1226 3604 'rodium

295 3657 366 3706 Anu.
383 3656 406 3717 1,
424 3653 489 3717 eol,
512 3653 538 3702 in
564 3664 616 3714 que
638 3661 724 3702 annus
747 3649 810 3699 Vel.
827 3649 882 3698 945
905 3651 1051 3710 respondet
1074 3657 1145 3695 enno
1166 3645 1224 3710 fug.

299 3743 354 3794 662
362 3741 424 3806 (inc.
437 3745 462 3794 6.
474 3743 545 3794 Nov.
558 3742 651 3807 1263.)
663 3747 690 3792 et
702 3742 882 3792 salivahanee
896 3741 946 3799 (ita
956 3740 1025 3790 eninr
1036 3739 1106 3800 apud
1114 3738 1226 3789 rodium

296 3836 464 3886 scribendum
496 3839 536 3886 est
559 3849 607 3899 pro
631 3837 775 3892 Vikrama)
798 3831 998 3885 1112021264.
1032 3833 1126 3880 Annus
1147 3831 1229 3896 igitur

299 3923 360 3978 Chr.
378 3925 443 3990 eto,
466 3927 515 3975 sub
537 3940 614 3988 quern
641 3927 797 3991 deequetius
818 3925 1015 3989 inscriptionem
1042 3923 1143 3973 factem
1165 3935 1227 3973 esse

232 4001 235 4008 ’
298 4020 408 4082 censet,
426 4019 467 4067 est
485 4029 510 4068 a.
527 4015 580 4067 241
600 4018 663 4069 Vel.
1136 4075 1138 4082 ,

250 4103 281 4175 i)
297 4107 420 4174 Linguae
436 4101 573 4172 pituitae
590 4119 653 4158 usus
669 4107 695 4157 in
717 4103 855 4158 vocabulis
876 4106 946 4166 apud
977 4106 1089 4156 exteros
1108 4117 1226 4156 commo-
