3078 4964
764 481 966 542 ιιι-Μ*

844 565 853 587 Ι

266 741 270 754 .
368 666 475 729 ximus
496 666 550 750 qui
571 673 833 726 commemoratur
850 673 956 728 rector
982 664 1042 726 fnit
1062 662 1180 728 David
1200 661 1261 726 ben
1283 661 1354 723 Ya-

369 774 423 839 zid
443 765 505 838 b'en
525 771 635 837 Mazid
647 772 863 855 Muhallibida,
885 774 925 835 ab
945 773 1077 835 Harbno
1098 769 1252 834 Alrasbirl
1271 787 1355 832 mne

370 884 431 948 184
451 883 524 960 (inc.
543 880 593 944 31.
615 883 679 943 len.
699 882 780 955 800)
802 881 923 964 regioni
943 881 1123 961 praefectus
1135 881 1152 941 ¹.
1185 882 1223 942 ln
1244 877 1356 940 distri-
1403 887 1406 894 ’

369 991 496 1056 butione
516 989 597 1050 inter
617 981 698 1051 lilios
719 985 842 1050 Harbni
862 989 948 1050 lacte
969 1007 1050 1050 anno
1073 988 1134 1050 186
1154 989 1228 1063 (inc.
1249 987 1279 1048 b.
1293 987 1358 1046 lan.

368 1095 458 1175 802.)
483 1095 673 1159 Sindiacum
687 1097 805 1178 relique
814 1096 955 1159 orientali
969 1106 1058 1176 parte
1067 1091 1324 1162 cessitMaimriuo
1333 1087 1358 1174 ²,

369 1225 411 1268 ex
438 1207 526 1268 cuius
555 1214 695 1287 tempore
721 1205 813 1266 nobis
847 1203 929 1286 apud
956 1204 1013 1266 Ilm
1049 1200 1249 1264 Khaldrinum
1285 1215 1359 1262 ser·

369 1322 448 1376 vate
475 1321 525 1374 est
557 1313 754 1398 consignatio
775 1312 982 1394 vectigalium
1002 1331 1044 1373 ex
1065 1311 1199 1392 singulis
1224 1308 1358 1390 provin-

370 1423 429 1484 ciis
449 1422 654 1505 redeuntium,
676 1423 757 1484 inter
777 1439 862 1503 quas·
879 1421 990 1485 Sindia
1010 1419 1145 1480 mediam
1159 1419 1228 1482 tero
1241 1415 1361 1480 droch-

370 1549 491 1592 marum
512 1548 665 1592 summam
685 1532 874 1612 pensitabat,
896 1549 1009 1611 nempe
1032 1519 1255 1614 117500,000t
1288 1524 1361 1610 'lo-

370 1643 436 1700 tum
469 1641 602 1698 tractum
629 1637 808 1700 orientalem
841 1633 974 1699 Mbmrin
1003 1655 1084 1697 anuo
1111 1633 1176 1695 205
1209 1634 1284 1708 (inc.
1314 1631 1361 1724 ts.

369 1730 435 1804 lun.
453 1742 536 1824 820)
557 1744 790 1806 commendavit
815 1744 952 1808 'l'haihiro
972 1744 1034 1806 ben
1059 1743 1193 1826 ssusam,
1217 1741 1269 1821 qui
1288 1735 1362 1820 post

369 1849 450 1912 duros
470 1869 584 1933 annos,
613 1850 686 1914 dum
713 1852 898 1914 seditionem
925 1853 1070 1935 molitur,
1109 1857 1254 1916 mortuus
1283 1840 1374 1908 est⁴.¹

369 1957 452 2020 Post
478 1976 550 2018 eum
579 1955 689 2020 Sindia
717 1960 757 2020 ab
783 1960 912 2040 imperio
948 1957 1186 2020 'l'lraihiridarum
1212 1941 1380 2034 errempta'
1434 1937 1437 1950 ¹

370 2065 529 2126 mansisse
559 2064 697 2127 videtur.
736 2069 829 2151 Anno
863 2065 925 2130 213
960 2067 1034 2142 (inc.
1068 2066 1118 2129 21.
1155 2066 1250 2127 Mart.
1282 2061 1360 2134 828)

372 2165 524 2231 Glrassan
544 2170 605 2232 ben
625 2170 740 2233 Abbtd
762 2172 891 2236 Sindiae
911 2173 1093 2252 praefectus
1116 2180 1165 2233 est
1175 2165 1195 2232 ⁵.
1232 2155 1361 2231 Memo-

270 2261 276 2270 “
371 2285 465 2338 tatur(
477 2276 590 2340 deinde
609 2279 801 2342 Barmakide
822 2281 958 2366 quidam>
981 2280 1129 2363 quiheud
1142 2280 1274 2342 multum
1288 2286 1361 2340 ante

372 2372 532 2468 G'ahidhi,
559 2387 720 2467 scriptoris
750 2389 894 2472 omnibus
921 2389 999 2472 noti,
1034 2396 1166 2450 mortem
1198 2406 1279 2448 anno
1299 2385 1362 2447 255
1424 2411 1428 2420 ·

323 2501 326 2506 “
373 2493 452 2573 (inc.
486 2493 535 2577 19,
562 2495 640 2557 Dec.
669 2495 749 2577 868)
778 2515 797 2556 e
824 2496 987 2577 provincia
1013 2488 1133 2558 redint
1174 2495 1267 2556 Anno
1298 2493 1361 2554 265
1393 2485 1398 2496 ’
1504 2455 1505 2464 ¹

370 2599 451 2679 (inc.
469 2600 499 2663 2.
522 2603 709 2684 Septem)
736 2605 767 2664 in
794 2603 927 2666 Amrum
956 2606 1017 2666 ben
1044 2604 1155 2688 naith,
1193 2611 1363 2684 postquam

318 2707 342 2738 ⁶
370 2707 511 2771 kbelifae
533 2711 718 2791 obsequium
737 2711 904 2796 praestitit,
936 2731 1009 2774 cum
1030 2693 1219 2774 Khorbs'ina
1240 2719 1272 2772 et
1292 2711 1362 2772 aliis

371 2817 543 2896 provinciis
566 2819 766 2880 orientalibus
787 2821 880 2881 etiam
904 2815 1012 2882 Sindia
1034 2823 1148 2883 collata
1169 2829 1233 2901 est⁷
1272 2819 1362 2880 cuius

371 2919 403 2981 in'
422 2920 689 3001 ¹praecedentibus
710 2924 809 2984 turbis
843 2925 929 2986 circe
957 2926 1025 2988 eius
1052 2927 1250 3006 potissimum
1279 2926 1362 2988 fines

371 3031 464 3092 motis
485 3031 601 3093 mentio
622 3022 687 3092 non
704 3027 768 3093 titt

446 3123 536 3200 ¹Post
556 3136 787 3228 Quffbritlarum
806 3141 971 3221 imperium
985 3141 1130 3204 celeriter
1143 3141 1265 3222 labens,
1287 3138 1362 3202 dum

371 3249 442 3328 ipsa
463 3247 634 3314 khalisatus
655 3250 751 3312 sedes
772 3253 916 3313 maximis
936 3252 1075 3312 motibus
1095 3251 1222 3332 impleta
1244 3257 1305 3331 est,
1322 3267 1364 3310 ex

372 3371 491 3436 oerum,
512 3357 564 3438 qui
591 3376 645 3420 res
672 3343 850 3443 gerebantj
868 3360 966 3422 oculis
987 3359 1098 3422 Sindia
1119 3367 1239 3422 remota
1259 3357 1364 3438 magis

373 3489 570 3505 ψ

392 3557 421 3622 l)
437 3563 527 3615 ntur.
543 3541 639 3616 mne,
686 3567 718 3624 a)
741 3567 900 3645 simoninus
921 3569 956 3616 au
977 3579 1001 3616 a.
1033 3565 1095 3614 ise.
1135 3567 1167 3622 e)
1187 3565 1314 3618 summer
1336 3565 1363 3615 m

425 3649 558 3721 'Fundgr
576 3659 623 3708 (les
638 3657 685 3708 0r.
702 3659 750 3709 Vl.
768 3657 831 3708 362.
848 3673 904 3723 sqq.
943 3657 973 3722 4)
991 3658 1081 3708 Atult.
1097 3657 1131 3710 11.
1150 3657 1212 3707 1³8.
1231 3657 1293 3707 140.

389 3747 419 3814 5)
438 3747 496 3798 ibid.
516 3749 577 3799 150.
618 3752 649 3808 6]
667 3751 811 3814 ibnlllall.
828 3763 870 3816 ep.
888 3753 1007 3812 sacyum
1025 3750 1127 3800 Chrest.
1150 3761 1189 3799 ar.
1205 3749 1252 3796 111.
1268 3749 1331 3802 497.

389 3841 420 3897 7)
438 3840 526 3890 Abulf.
544 3842 577 3890 11.
593 3841 656 3890 257.
673 3867 707 3879 η
722 3841 831 3903 Plenam
848 3845 965 3892 fortasse
983 3845 1016 3892 de
1033 3845 1091 3892 toto
1111 3843 1164 3891 'bac
1186 3841 1276 3890 aetate
1297 3857 1365 3894 nar*

436 3927 568 3976 rationem
585 3919 706 3978 c'ontlnet
722 3913 824 3978 Ml
855 3916 947 4010 ''qu
965 3927 1155 3978 Mubummedis
1172 3921 1278 3976 Masbm
1293 3940 1360 3988 opos

436 4010 579 4075 Persicum,
598 4015 706 4064 Sindiae
727 4012 862 4062 historiam
886 4027 968 4077 usque
990 4017 1024 4064 nd
1046 4013 1148 4064 Alrbnri
1168 4013 1362 4076 expeditionem
