3042 4966
581 453 724 578 -lal
768 545 811 560 ...

197 693 276 756 liner
296 693 469 776 effla
489 711 563 758 narn
583 713 627 758 ex
644 694 710 758 hoo
729 695 801 776 ipso
821 693 901 758 libro
926 689 1054 764 Aeolias
1074 691 1200 756 nense

196 809 271 864 rant
291 818 361 864 sue.
382 803 526 865 liner-ont
547 801 686 885 quidem,
708 802 763 884 qui
783 809 952 884 potarent,
973 801 1060 864 hono
1084 800 1214 894 libram!

146 981 152 984 ,
196 925 261 970 non
286 915 361 970 ante
395 904 573 970 decimum*
593 909 651 970 vel
682 916 833 970 ool-avum
854 907 1019 970 saeoulum
1048 906 1199 986 seriptum

197 1011 312 1096 inisse,
334 1012 533 1096 sedarique
558 1015 719 1076 vetustior
746 1014 812 1076 luit.
856 1012 985 1078 Graeoo
1013 1011 1199 1093 deperditus

197 1129 262 1203 est,
285 1120 343 1183 sed
366 1129 475 1184 exstat
492 1123 601 1185 versio
624 1123 829 1209 Armeniaca,
857 1123 966 1204 quinto
983 1121 1134 1202 saeculo,
1170 1119 1200 1180 si
1317 1160 1320 1164 ›

197 1224 410 1290 Meohitaritis
430 1229 513 1291 fides
532 1227 681 1292 habenda
701 1239 764 1314 est,
786 1227 967 1299 confecta.⁵
999 1229 1105 1290 Etiam
1118 1245 1201 1304 ¹ver-

199 1335 321 1398 sionum
350 1335 537 1418 latinarum,
571 1338 684 1416 quales
720 1347 796 1398 sunt
832 1333 937 1400 Gesta
963 1314 1139 1397 Alexanrlri
1168 1342 1201 1393 et

197 1440 335 1520 epistola
359 1441 429 1502 eius
450 1439 703 1504 adAristotolern
717 1441 811 1526 pata,
834 1441 965 1504 oodioes
987 1449 1118 1502 exstant
1137 1459 1199 1501 an-

199 1544 364 1627 tiquiores,
389 1553 488 1627 atque
508 1546 644 1611 eandem
664 1547 840 1610 fabularum
862 1547 1026 1609 materiem
1045 1545 1201 1612 eontinuit

196 1654 277 1716 liber
297 1655 434 1738 Aesopi,
458 1671 552 1735 quern
576 1653 694 1716 Latine
724 1673 744 1717 a
772 1655 851 1716 Iulio
881 1647 1013 1715 Valerio
1043 1651 1201 1740 redditum
1307 1647 1311 1662 '

198 1759 296 1822 edidit
315 1761 357 1822 A.
380 1761 498 1826 Maius.
540 1762 605 1823 Per
626 1780 663 1823 ae
684 1761 779 1824 i'aoile
800 1761 974 1823 oonieotari
994 1768 1122 1842 potest,
1144 1777 1202 1822 eos

197 1865 322 1930 fabulas
344 1868 406 1931 iam
426 1871 524 1931 multo
545 1869 633 1950 prius
655 1867 804 1930 inventas
826 1876 859 1929 et
879 1883 979 1947 saepe
1001 1866 1041 1928 ab
1052 1865 1121 1927 aliis
1131 1866 1201 1928 ali-

200 1983 249 2038 ter
268 1974 438 2038 adornatas
459 1995 553 2060 esse,
588 1974 673 2037 unde
704 1973 831 2056 quidem
853 1972 974 2038 definiri
992 1973 1120 2056 nequit,
1160 1993 1202 2035 ex

188 2099 265 2162 [qno
287 2080 445 2163 scriptore
474 2080 516 2144 ad
543 2082 670 2144 Arabes
697 2079 898 2163 transierint,
942 2077 1202 2161 quemquamne

201 2187 399 2252 Callisthene
430 2188 542 2252 maiori
569 2199 642 2250 oum
668 2186 890 2268 probabilitate
919 2185 1123 2268 cogitandum
1150 2187 1203 2249 sit.

202 2297 295 2380 Quae
316 2297 355 2360 de
374 2298 550 2363 Alexandri
572 2307 604 2360 et
623 2296 699 2360 Pori
720 2298 825 2380 gostis
847 2297 878 2358 in
906 2297 975 2358 libri
1000 2295 1106 2359 Kolila
1125 2317 1204 2379 pro-

201 2403 303 2488 oernio
326 2411 501 2485 narrantur,
524 2421 566 2462 ex
586 2401 650 2463 hoo
671 2401 759 2465 fonto
781 2400 926 2464 derivata
946 2410 1038 2480 sunt;
1060 2421 1099 2464 en
1117 2402 1201 2464 sori-
1246 2407 1248 2411 ’

200 2508 264 2589 psit
285 2507 342 2570 lbn
370 2506 528 2589 Muqaffa,
550 2515 587 2568 ut
609 2515 745 2569 testatur
771 2508 828 2568 lbn
849 2497 1049 2569 Khallikan⁶.
1076 2509 1204 2572 Arabes

201 2611 316 2675 deinde
336 2613 534 2674 narrationes
555 2611 687 2672 multum
708 2617 903 2672 exornarunt
924 2620 957 2672 et
984 2611 1205 2678 Alexandrum

201 2717 294 2780 etiam
316 2718 436 2782 insulas
463 2701 687 2780 maris-Indici
717 2735 912 2801 peragrasse
942 2715 1128 2780 linxerunt=
1154 2720 1205 2782 lla

199 2821 233 2882 io
253 2822 442 2902 'l'aprobana
461 2821 503 2884 a'd
521 2831 662 2902 montom
682 2822 798 2886 Rahun
817 2825 876 2885 Ibn
902 2822 1063 2887 Bathirtha
1084 2826 1206 2887 invenit

200 2937 405 2990 monumenta
425 2909 634 2994 Alexandri.⁷
676 2926 769 3008 Quae
790 2947 810 2991 a
829 2930 934 3009 poetis
962 2930 1079 3010 leporis
1099 2931 1205 3012 gratia

202 3052 302 3116 saepe
322 3043 459 3098 venuste
480 3034 557 3096 fieta
577 3029 678 3116 erant,
701 3051 741 3094 ea
762 3027 876 3095 deinde
902 3033 1043 3097 historici
1070 3044 1104 3096 et
1120 3054 1208 3118 geo-

202 3129 316 3224 graphi
340 3139 372 3201 in
406 3157 465 3202 sua
492 3159 590 3226 opera
618 3140 865 3223 transtulerunt,
908 3143 1001 3203 onius
1032 3144 1079 3205 rei
1106 3147 1206 3208 multa

204 3248 352 3328 exempla
373 3247 479 3330 oolligi
501 3253 647 3333 possunt.
674 3245 743 3308 Sed
763 3266 821 3326 pro
841 3265 913 3309 meo
935 3259 1125 3329 argumento
1146 3252 1206 3312 vix

205 3353 469 3434 operaepretium
483 3361 552 3434 eat,
573 3354 604 3414 in
616 3351 676 3414 has
690 3353 817 3415 fabulas
825 3356 1008 3418 accuratius
1020 3351 1208 3438 irrqnirere.⁰

226 3621 256 3676 5)
273 3621 415 3670 Nenmann
432 3623 529 3671 Gesen.
549 3625 596 3671 oer'
612 3603 714 3674 armen.
733 3622 785 3672 hit.
803 3638 828 3687 p.
847 3624 888 3679 71.

225 3752 256 3815 6)
275 3755 311 3817 11,
328 3766 354 3815 p,
373 3745 417 3804 m.
451 3733 591 3787 ll'iistonf.

224 3881 256 3937 7)
274 3893 299 3942 p.
318 3880 380 3932 188.
401 3879 463 3930 189.
480 3881 546 3930 Leo.
657 3893 663 3910 ⁸

224 3988 257 4057 8)
274 3993 308 4043 el.
326 3990 474 4056 Qazvlnlus
491 4007 517 4052 p.
529 3975 579 4042 te.
593 3997 635 4046 61.
652 3996 727 4044 Duae
741 3995 810 4046 aliens
828 3995 884 4046 olna
901 3994 1011 4058 generis
1029 3994 1198 4045 urin-ationes
