3002 4962
706 504 935 564 *212-

318 690 456 752 votionis
477 697 528 752 cst
550 690 636 752 sicut
656 687 746 750 nobis
768 687 895 766 Mccca
916 684 1094 749 inhabitata
1115 691 1167 760 cst
1187 683 1316 744 allius-

257 839 262 850 ·
317 796 399 859 limis
422 804 455 858 et
476 796 665 882 infidelibus,
685 795 746 858 scd
765 795 931 874 imperium
951 813 1052 875 penos
1066 795 1235 856 Muslimos
1257 799 1317 853 est.

317 898 469 962 lnlideles
488 901 530 962 ibi
558 900 711 962 sacellum
740 899 978 962 celeberrimum
1005 907 1039 960 et
1068 899 1183 960 idolum
1211 898 1317 960 maxi-

318 1025 403 1068 mum
424 1005 554 1090 habeut,
570 1009 621 1070 cui
643 1007 762 1070 sacello
777 1008 970 1069 exadverso
992 1007 1141 1086 templum
1162 1005 1315 1066 muslimi-
1344 983 1351 990 ’

320 1129 391 1174 cum
413 1120 477 1196 est,
498 1112 530 1174 in
552 1131 613 1193 quo
636 1129 731 1174 sacra
752 1121 784 1173 et
805 1121 917 1174 coetus
937 1112 1053 1193 publici
1082 1109 1169 1198 liuut.
1198 1110 1317 1173 Rerum

319 1218 496 1280 illicitarum
516 1217 718 1280 interdictum
737 1226 873 1279 cunctos
894 1225 990 1278 tenet
1033 1217 1126 1278 llaec
1145 1217 1249 1278 omnia
1263 1234 1319 1276 re-

321 1321 390 1384 tulit
423 1321 529 1400 Musii
562 1320 627 1382 ban
655 1320 819 1382 Muholhil.
863 1320 1067 1402 lothakhrius
1093 1320 1175 1381 hacc
1203 1319 1317 1381 habet:

320 1429 406 1491 Urbs
428 1436 479 1490 est
498 1429 619 1490 munita
648 1428 835 1508 inaccessa,
864 1427 963 1492 sedes
985 1428 1077 1510 regia
1107 1435 1139 1488 el
1164 1425 1319 1488 militaris.

320 1533 394 1596 Rex
415 1534 585 1597 Muslimus
607 1534 715 1595 urbam
735 1548 799 1594 non
819 1533 913 1595 intrat
940 1533 1000 1595 uisi
1028 1531 1079 1594 dio
1109 1531 1250 1593 Veneris
1280 1528 1321 1591 ad

212 1643 223 1668 ⁸
319 1657 436 1722 preces
456 1638 634 1721 faciendas,
659 1639 826 1719 elephanto
847 1648 973 1701 vectus.
998 1641 1037 1700 In
1059 1657 1098 1700 ca
1119 1637 1321 1700 simulacrum

321 1755 373 1808 cst
394 1745 480 1826 quod
499 1745 569 1806 Indi
587 1751 783 1836 uenerantur
809 1751 843 1806 ct
870 1763 913 1806 ox
939 1743 1050 1808 ultima
1079 1743 1176 1805 India·
1194 1742 1322 1806 adeunt.
1366 1741 1370 1748 ’

321 1847 469 1916 Afferunt
491 1854 604 1933 quovis
625 1870 708 1914 auno
730 1855 830 1916 multa
851 1851 934 1916 dona
953 1855 1166 1934 quaetcmplo
1182 1838 1323 1934 erogen-
1388 1835 1391 1842 “

321 1969 373 2028 tur,
393 1969 426 2021 ct
446 1961 496 2042 iis,
519 1960 573 2039 qui
594 1959 723 2022 assidue
743 1961 776 2022 iu
804 1979 845 2022 cc
873 1968 1051 2023 versantur.
1093 1962 1218 2022 Domus
1230 2021 1238 2035 χ
1239 1958 1323 2036 idoli

308 2063 402 2128 -arx²
424 2075 486 2150 est,
508 2071 672 2128 exstructa
692 2065 723 2126 iu
744 2064 817 2126 loco
842 2064 1098 2148 frequentissimo
1126 2065 1323 2146 interiorum
1351 2117 1355 2123 .

326 2170 483 2246 artificum
520 2173 599 2234 ebur
630 2169 832 2234 tractantium
858 2180 891 2232 ct
917 2173 1055 2250 plateam
1081 2171 1240 2233 fabrorum
1265 2188 1323 2232 acs

271 2277 275 2284 ’
323 2281 443 2344 davum
465 2278 655 2340 cadentium.
697 2278 734 2338 ln
761 2274 867 2339 media
887 2293 962 2339 arce
990 2277 1094 2340 fornix
1118 2285 1181 2359 cst,
1208 2277 1323 2358 inquo

322 2387 525 2450 simulacrum
547 2393 623 2448 stat.
663 2383 767 2446 Musir
789 2384 851 2445 ben
871 2378 1027 2447 Muhalhil
1056 2385 1152 2448 altam
1174 2385 1218 2446 ait
1242 2385 1327 2446 hanc

323 2502 441 2558 turrem
475 2509 551 2553 osse
583 2497 745 2553 trecentos
781 2489 924 2574 cubitos,
960 2491 1163 2553 simulacrum
1202 2490 1327 2570 viginti.

324 2599 422 2678 Circa
442 2598 598 2662 fornicem
619 2595 734 2659 domus
755 2604 829 2658 sunt
851 2596 1062 2658 ministrorum
1084 2605 1117 2657 et
1132 2615 1251 2680 eorum,
1274 2595 1329 2675 qui

320 2704 455 2775 ¹assidue
475 2705 518 2767 ibi
538 2711 718 2782 versantur,
740 2720 847 2782 usquc
868 2703 900 2762 in
920 2703 998 2764 urbo
1019 2711 1088 2786 est,
1132 2703 1187 2784 qui
1206 2702 1327 2764 idolum

324 2826 511 2900 veneretur,
531 2816 591 2878 nisi
611 2815 642 2876 in
661 2815 723 2876 hac
744 2833 828 2877 aroc.
870 2818 982 2899 Imago
1005 2815 1140 2878 hominis
1167 2825 1219 2878 cst
1246 2835 1330 2878 cou-

308 2922 436 2984 tinuis
457 2921 591 3001 pedibus
613 2919 756 2982 serenus
776 2921 808 2982 in
828 2919 926 2998 soum
956 2916 1047 3006 occu·
1068 2919 1151 2981 ruat
1178 2901 1329 3001 gemme

326 3041 415 3111 sunt3
439 3031 597 3111 incapite
618 3023 769 3092 coronam
790 3038 901 3111 gestat
917 3047 1059 3110 auream,
1079 3027 1210 3091 brachia
1232 3027 1330 3109 geui-

327 3140 387 3202 bus
408 3140 583 3218 imponens.
626 3139 690 3200 Alii
710 3157 782 3202 cam
803 3156 822 3199 c
842 3137 928 3219 liguo
950 3135 1082 3197 factam
1102 3153 1177 3198 esse
1206 3135 1327 3214 dicunt,

329 3245 416 3326 quod
437 3247 489 3305 alii
508 3253 638 3327 negant.
664 3245 779 3307 luduta
800 3251 851 3306 est
872 3246 959 3307 corio
980 3247 1085 3307 alutae
1105 3243 1197 3306 simili
1217 3245 1330 3322 rubro;

331 3351 423 3414 solae
450 3367 564 3412 manus
589 3347 692 3411 nudae
719 3359 808 3428 sunt3
852 3349 942 3432 digiti
969 3350 1145 3429 compressi
1170 3347 1332 3432 videntur,

331 3466 465 3538 quatuor
485 3465 626 3516 numero.
667 3454 742 3518 ltux
763 3454 876 3519 idolum
898 3475 962 3516 non
982 3453 1126 3537 destruit,
1156 3455 1231 3535 quia
1258 3473 1333 3516 ma-

331 3583 397 3648 gua
417 3563 511 3646 dona,
534 3582 617 3650 quac
638 3560 713 3624 illuc
734 3561 923 3643 afferuntur,
954 3562 1025 3642 ipse
1053 3563 1170 3641 accipit
1197 3571 1231 3624 et
1258 3560 1333 3624 iude

332 3673 440 3754 templi
454 3671 602 3735 aedituos
610 3670 753 3732 sustinet.
761 3668 905 3746 Muslimi
913 3668 940 3729 si
949 3668 988 3730 ab
1000 3665 1175 3731 Indisbello
1183 3676 1334 3748 petuntur

333 3781 451 3844 idolum
474 3780 623 3844 eductum
646 3795 683 3838 sc
704 3795 779 3840 osse
800 3755 1083 3840 contracturos
1105 3776 1333 3838 combusturus

332 3912 530 3932 m

352 3971 382 4040 ι)
399 3974 497 4024 merrus
511 3965 551 4023 'ex
567 3967 717 4033 uauqmue
733 3967 842 4032 regetur
851 3953 941 4050 ,ordi
966 3954 996 4036 3
1013 3968 1041 4021 u
1057 3980 1128 4020 arce.
