3042 4966
746 475 970 542 ..m-.-

361 659 461 724 Cuius
482 669 625 744 tempora
645 661 803 742 sapientia
823 659 964 724 effloruit
985 671 1018 724 et
1048 662 1134 726 docti
1163 665 1363 746 praecellue-

359 777 440 841 runt.
483 769 646 832 Eductam
667 775 717 830 est
738 767 857 830 ferrum
878 789 899 830 e
920 766 1048 852 fodinis,
1079 773 1153 832 'cusi
1181 781 1255 833 suut
1290 772 1363 854 gla-

357 878 401 939 dii
425 885 457 939 et
478 877 570 940 cultri
593 885 625 938 et
646 876 736 939 varia
758 877 834 938 tela.
876 877 1048 940 Exstruxit
1077 879 1196 958 palatia
1224 881 1359 960 gemmis

358 982 532 1065 splendidis
554 991 678 1064 ornata,
700 983 732 1042 iu
755 983 870 1064 quibus
891 985 983 1045 coola
1003 992 1036 1045 ct
1056 984 1222 1047 duodecim
1239 986 1360 1048 zodiaci

358 1095 453 1176 signa
475 1102 508 1154 et
531 1092 642 1154 stelias
664 1091 788 1152 effinxit
808 1090 980 1172 mundique
994 1092 1204 1155 conditionem
1220 1094 1360 1176 imagine

359 1201 537 1280 expressit3
577 1199 691 1260 codem
712 1198 806 1260 modo
826 1193 1047 1278 praesentavit
1068 1198 1206 1262 siderum
1227 1202 1258 1262 iu
1279 1202 1361 1264 huno

358 1305 508 1368 muudum
529 1303 667 1366 effectus
689 1311 721 1365 ct
746 1303 903 1384 quomodo
925 1305 1045 1368 formas
1069 1307 1228 1368 homiuum
1244 1314 1276 1368 et
1291 1309 1361 1368 aui-

358 1413 488 1475 maiium
510 1411 725 1494 produxerint,
750 1421 783 1472 et
804 1412 1015 1475 moderatoris
1045 1414 1161 1475 summi
1169 1457 1183 1498 ,
1227 1415 1279 1495 qui
1313 1412 1360 1476 sol

358 1529 431 1602 ast,
467 1528 596 1584 statum.
640 1521 828 1601 Composuit
857 1522 952 1582 etiam
980 1521 1091 1582 librum
1121 1519 1161 1582 dc
1190 1519 1359 1602 probandis

359 1629 409 1689 his
433 1628 589 1708 omnibus,
612 1647 784 1708 eurumque
805 1629 999 1690 intellectum
1020 1629 1111 1710 vulgi
1133 1629 1260 1710 ingenio
1280 1647 1358 1710 apc-

360 1735 441 1814 ruit;
464 1735 494 1795 in
515 1751 681 1816 procerum
703 1745 812 1796 autem
833 1741 940 1796 rneutc
960 1733 1103 1796 altiorum
1126 1753 1231 1796 rerum
1252 1735 1359 1794 scieu-

354 1833 438 1904 ¹tiam
459 1842 614 1922 plantavit
636 1850 669 1902 et
688 1841 821 1921 primum
844 1838 953 1900 docuit
973 1839 1169 1922 principium,
1201 1839 1286 1920 quod
1305 1857 1358 1900 rc-

363 1949 468 2031 iiquis‚
491 1953 678 2026 quaesunt,
699 1946 901 2006 existentiam
929 1944 1017 2006 dedit
1047 1953 1079 2007 et
1110 1947 1247 2028 quaevis
1278 1947 1359 2028 bona

357 2055 506 2135 largitum
523 2053 591 2113 fuit.
613 2052 710 2114 Indos
729 2052 804 2114 dum
818 2061 959 2134 regeret,
981 2059 1068 2114 terra
1078 2065 1239 2134 proventu
1256 2056 1358 2118 abun-

357 2163 461 2242 davit3
482 2147 633 2242 optimam
654 2161 762 2223 mundi
784 2161 995 2224 conditionem
1024 2163 1062 2223 iis
1089 2163 1242 2226 exhibuit,
1265 2163 1354 2228 Cou—
1405 2225 1410 2236 ,

259 2345 263 2350 .
327 2271 509 2352 agregavit
532 2255 663 2352 doctos,
698 2271 752 2344 oui
788 2271 856 2354 cipis
890 2258 1033 2352 tempore
1061 2271 1172 2364 librum
1202 2271 1356 2335 Siudiriud

358 2389 616 2462 composuerunt,
638 2377 725 2459 quod
751 2398 867 2440 nornen
891 2381 1057 2441 sacculum
1085 2381 1286 2442 saeculorum
1311 2383 1358 2443 si-

356 2486 497 2568 gnificat.
519 2485 596 2546 lude
616 2486 698 2547 varii
719 2485 875 2548 derivati¹
896 2495 971 2548 suut
991 2487 1070 2563 libri,
1091 2488 1174 2549 sicut
1192 2487 1270 2550 liber
1290 2491 1356 2551 Ar·

357 2583 492 2677 g'abahr
514 2604 546 2655 et
568 2581 793 2677 Almag'istus3
810 2593 883 2655 deiu
906 2593 998 2656 fluxit
1020 2615 1065 2658 ex
1083 2583 1265 2676 Arg'abahr
1283 2593 1359 2655 liber

356 2699 489 2762 Arkand
511 2709 544 2761 et
565 2721 608 2760 ex
629 2685 820 2780 Almag'isto
843 2700 921 2762 liber
942 2702 1140 2780 Ptolemaei3
1182 2711 1297 2783 postca
1315 2720 1357 2762 ex

356 2809 396 2868 iis
417 2809 524 2869 tautae
545 2814 620 2867 snut
641 2807 769 2868 tabulae
790 2809 1032 2870 astronomicae.
1053 2811 1247 2870 Invenerunt
1262 2810 1356 2871 etiam

357 2933 473 2978 novem
503 2915 555 2976 illa
585 2915 695 2995 signa,
729 2933 812 2994 quae
840 2912 983 2976 lodicum
1016 2916 1200 2978 numerandi
1227 2915 1385 2978 modum

357 3023 563 3082 constituunt.
606 3021 731 3080 Primus
753 3022 888 3082 omnium
916 3022 957 3082 de
984 3024 1062 3085 solis
1089 3022 1202 3085 abside
1232 3041 1357 3086 summa

358 3127 545 3209 disputavit,
570 3143 706 3206 eumque
727 3127 758 3186 iu
779 3128 893 3207 quovis
907 3127 1009 3209 signo
1030 3147 1088 3207 per
1117 3132 1178 3190 triu
1205 3149 1356 3192 annorum

356 3234 454 3295 millia
474 3235 653 3296 subsistere
675 3233 815 3314 tradidit,
837 3235 883 3295 ita
904 3245 937 3297 ut
958 3243 1058 3298 totum
1088 3238 1196 3298 orbern
1228 3237 1356 3318 triginti

356 3354 507 3402 annorum
527 3339 670 3401 millibus
683 3349 857 3420 percurrat.
887 3341 961 3402 Hoc
981 3349 1090 3404 nostro
1113 3351 1256 3422 tempore
1275 3361 1356 3407 anno

355 3447 428 3508 dico
450 3447 676 3508 trecentesimo
699 3447 863 3527 trigesimo
885 3447 1026 3511 secundo
1055 3450 1231 3512 secuudum
1250 3450 1357 3512 Bralr-

355 3573 519 3619 manarum
541 3553 828 3634 opinionemabsis
849 3555 880 3616 in
901 3555 996 3638 siguo
1017 3557 1100 3618 torui
1120 3565 1192 3636 cst3
1210 3567 1262 3620 at
1282 3565 1357 3639 post

373 3852 402 3910 l)
419 3854 594 3904 Hunolocum
604 3853 656 3902 iam
666 3853 774 3915 respexi
784 3865 866 3918 supra
882 3868 908 3916 p.
926 3853 1132 3916 tuederamo
1146 3857 1225 3922 verti,
1234 3871 1268 3908 ao
1276 3821 1356 3920 sipro

420 3951 481 4044 εῤ
505 3958 646 4023 legeretur
661 3952 733 4050 ef,
751 3961 822 4022 quod
839 3957 1033 4010 restituendum
1050 3972 1113 4012 esse
1131 3927 1246 4014 videtur.
