3002 4962
329 676 458 744 laeuum
480 679 659 768 Cantium
685 703 800 748 nomen
819 685 925 750 hauet
972 683 1066 748 Haec
1093 696 1146 750 est
1174 689 1332 755 vilissima

331 787 489 868 agalloehi
511 791 657 872 speeies,
686 807 780 871 qnam
801 791 881 850 inter
907 797 940 851 et
960 789 1080 872 tignum
1104 791 1236 872 vulgare
1258 791 1330 854 dis·

330 893 448 958 crimen
468 893 552 956 haud
572 895 653 958 adeo
675 914 825 978 magnum
847 905 906 958 est

413 988 580 1091 Qmuu'n,
603 1004 679 1064 urbs
699 1002 810 1065 Indica
829 1004 960 1066 Sindiae
979 1006 1102 1088 vicina,
1123 1009 1214 1070 euius
1234 1013 1328 1072 ince-

328 1109 380 1171 lae
401 1111 546 1191 perfecta
566 1111 797 1192 pulchritudine
817 1111 971 1198 gaudent,
992 1117 1102 1197 utqui
1123 1115 1164 1178 ab
1184 1118 1271 1180 Indis
1292 1128 1327 1180 et

327 1214 441 1279 'l'ureis
463 1215 670 1279 descendunt.
713 1220 798 1282 Sunt
819 1221 980 1302 Muslimi,
1003 1221 1194 1304 Christiani,
1215 1223 1328 1288 ludaei

219 1315 224 1320 ¹
274 1326 360 1388 teet
379 1324 481 1406 Magi.
522 1325 597 1386 Huc
619 1333 826 1403 exportantur
847 1327 1325 1408 mereesTurearum3non1en

324 1434 398 1497 inde
419 1433 515 1495 ducet
535 1433 736 1514 agatloehum
762 1431 985 1521 Qaimdrense.
1013 1436 1048 1496 In
1070 1455 1116 1510 ¹ea
1140 1445 1191 1498 est
1212 1437 1325 1502 domus

326 1539 513 1628 Caimdrae,
540 1540 626 1622 quod
652 1541 801 1620 templum
822 1550 874 1637 est
900 1542 931 1602 in
953 1541 1083 1628 fastigia
1106 1544 1194 1625 rupis
1215 1544 1323 1624 situm,
1381 1555 1385 1558 ’

323 1647 555 1712 sanctissimum
596 1645 681 1735 apud
715 1664 773 1706 eos
808 1655 841 1710 et
883 1646 1019 1710 aedituis
1053 1649 1160 1710 multis
1195 1649 1325 1726 eultum,

323 1758 504 1822 Simulaera
525 1755 567 1818 ibi
588 1761 663 1816 sunt
683 1754 818 1817 ealiaide
839 1762 871 1814 et
891 1763 1025 1836 granata
1047 1755 1214 1838 eonseeta,
1241 1775 1324 1837 quae

322 1873 523 1930 venerantur.
567 1863 603 1924 in
624 1863 700 1925 urbe
725 1863 842 1942 templa
862 1861 1127 1946 muhunmediea,
1151 1865 1321 1955 eeclesiae,

321 1986 513 2052 synagogae
532 1974 625 2047 sunt3
647 1969 742 2028 etiam
764 1969 914 2050 templum
934 1969 1018 2050 ignis
1040 1971 1203 2032 erdtorum.
1225 1968 1321 2033 Gen-

322 2077 393 2138 tiles
414 2075 457 2136 ibi
482 2073 629 2138 animalia
655 2091 717 2136 non
737 2073 899 2156 {maetunt²
931 2093 1035 2155 neque
1064 2093 1192 2137 earnem
1214 2096 1320 2158 nequa

319 2182 429 2264 pisees
464 2199 567 2260 neque
600 2197 664 2240 ova
698 2178 804 2241 edunt.
848 2181 930 2244 Sunt
954 2188 1060 2242 teman
1081 2180 1163 2243 inter
1185 2185 1318 2264 eosqui

320 2289 416 2352 edant
443 2288 589 2350 animalia
614 2305 635 2348 a
668 2305 745 2366 rupe
775 2285 899 2348 deiecta
926 2295 981 2348 aut
1009 2287 1172 2352 arietando
1194 2291 1315 2378 decisa,

318 2415 383 2458 non
401 2407 506 2458 auem
523 2403 637 2477 sponte
658 2401 792 2456 mortua
823 2395 917 2458 Haeo
938 2395 1042 2456 omnia
1057 2396 1197 2457 narravit
1209 2396 1316 2458 Musir

319 2483 575 2581 beu‘Muhalhib
604 2508 716 2562 auctor
743 2498 811 2560 libri
832 2497 1023 2559 Mirabilium
1051 2500 1231 2580 regionum,
1261 2499 1316 2581 qui

316 2609 546 2694 peregrinando
568 2617 671 2671 terras
692 2607 879 2688 peragravit
900 2624 1072 2687 earumque
1087 2607 1239 2670 mirabilia
1253 2626 1314 2669 ea-

315 2718 399 2782 lamo
420 2714 592 2778 mandavit.

400 2821 570 2884 'l'anasn'
604 2840 665 2884 arx
697 2818 808 2881 Indiea
838 2820 1051 2884 munitissima
1084 2822 1116 2882 in
1149 2825 1314 2886 camnine

315 2931 451 3011 nantis,
481 2927 521 2989 ad
550 2945 645 3008 quarn
673 2925 779 2988 nullus
804 2931 855 2984 est
875 2923 993 2986 aditus.
1034 2926 1072 2985 In
1090 2937 1197 2988 monte
1217 2948 1315 3010 aqna,

314 3043 466 3118 segetes,
501 3034 606 3094 omnia
633 3030 819 3094 necessarie
845 3037 927 3090 sunt.
974 3031 1055 3092 nam
1083 3033 1167 3113 cepit
1195 3033 1313 3094 Yamin

315 3140 463 3204 aldaulah
488 3136 644 3204 diahmird
674 3139 735 3201 ben
765 3137 959 3219 Sabnktigiu
985 3157 1066 3200 anno
1095 3140 1311 3223 quadringen-

313 3246 428 3312 tesimo
464 3245 588 3309 decimo
612 3252 742 3326 quarta,
781 3252 952 3324 postquam
986 3262 1057 3305 earn
1093 3263 1149 3324 per
1185 3248 1310 3328 aliquod

313 3363 440 3434 tempus
462 3351 588 3413 obsedit
610 3359 642 3412 et
662 3349 784 3412 iueolas
804 3350 836 3412 in
857 3350 1038 3432 angustiam
1055 3349 1189 3434 redegit
1219 3353 1309 3414 Fue·

311 3545 543 3562 *vv—‘-

328 3694 356 3760 1)
372 3694 456 3746 uasat
472 3692 544 3754 apud
561 3685 699 3754 Raudium.
715 3689 821 3736 Narnen
836 3683 915 3733 edan
932 3683 995 3734 adii
1011 3694 1066 3732 non
1081 3682 1188 3752 invenit

325 3779 357 3850 2)
374 3783 476 3834 Eadem
504 3779 583 3830 habet
612 3779 727 3829 damet
753 3778 789 3839 11,
812 3777 876 3828 set.
898 3776 933 3824 at.
954 3776 1093 3828 lierbelat.
1116 3789 1139 3825 a.
1164 3791 1191 3825 v.
1213 3777 1307 3829 court

375 3871 469 3926 tiendt.
583 3869 586 3876 ’
1122 3911 1125 3918 ⁴

325 3981 355 4046 Ι)
367 3969 497 4066 „affl
514 3978 587 4040 quod
603 3977 631 4026 in
647 3977 707 4026 eud.
724 3979 795 4040 erat,
812 3974 850 4024 ita
866 3975 1021 4024 anundum
1030 3985 1090 4022 ease
1103 3973 1155 4024 ian
1166 3973 1307 4026 dtenmn
