<?xml version="1.0" encoding="UTF-8"?>
<!DOCTYPE html PUBLIC "-//W3C//DTD XHTML 1.0 Transitional//EN"
    "http://www.w3.org/TR/xhtml1/DTD/xhtml1-transitional.dtd">
<html xmlns="http://www.w3.org/1999/xhtml" xml:lang="en" lang="en">
 <head>
  <title>
</title>
<meta http-equiv="Content-Type" content="text/html;charset=utf-8" />
  <meta name='ocr-system' content='tesseract 3.04.00' />
  <meta name='ocr-capabilities' content='ocr_page ocr_carea ocr_par ocr_line ocrx_word'/>
</head>
<body>
  <div class='ocr_page' id='page_1' title='image "./scriptorumarabu00algoog_0039.png"; bbox 0 0 3078 4964; ppageno 0'>
   <div class='ocr_carea' id='block_1_1' title="bbox 731 565 936 630">
    <p class='ocr_par' dir='ltr' id='par_1_1' title="bbox 731 565 936 630">
     <span class='ocr_line' id='line_1_1' title="bbox 731 565 936 630; baseline 0 -16"><span class='ocrx_word' id='word_1_1' title='bbox 731 565 936 630; x_wconf 70' lang='lat'>...14-</span> 
     </span>
    </p>
   </div>
   <div class='ocr_carea' id='block_1_2' title="bbox 271 709 1342 1046">
    <p class='ocr_par' dir='ltr' id='par_1_2' title="bbox 271 709 1342 1046">
     <span class='ocr_line' id='line_1_2' title="bbox 271 709 1342 832; baseline -0.012 -12"><span class='ocrx_word' id='word_1_2' title='bbox 271 709 272 724; x_wconf 20' lang='lat'>¹</span> <span class='ocrx_word' id='word_1_3' title='bbox 338 727 479 819; x_wconf 50' lang='lat' dir='ltr'><strong>tuente?</strong></span> <span class='ocrx_word' id='word_1_4' title='bbox 498 737 534 814; x_wconf 82' lang='lat' dir='ltr'><strong>ct</strong></span> <span class='ocrx_word' id='word_1_5' title='bbox 563 770 607 816; x_wconf 82' lang='lat' dir='ltr'><strong>ex</strong></span> <span class='ocrx_word' id='word_1_6' title='bbox 632 751 764 817; x_wconf 80' lang='lat' dir='ltr'><strong>historia</strong></span> <span class='ocrx_word' id='word_1_7' title='bbox 784 709 1054 832; x_wconf 79' lang='lat' dir='ltr'><strong>expuguationurn</strong></span> <span class='ocrx_word' id='word_1_8' title='bbox 1067 746 1342 824; x_wconf 59' lang='lat' dir='ltr'><strong>Musiimicarun„</strong></span> 
     </span>
     <span class='ocr_line' id='line_1_3' title="bbox 335 849 1332 941; baseline -0.007 -21"><span class='ocrx_word' id='word_1_9' title='bbox 335 859 462 941; x_wconf 83' lang='lat' dir='ltr'><strong>antiquo</strong></span> <span class='ocrx_word' id='word_1_10' title='bbox 474 856 804 922; x_wconf 73' lang='lat' dir='ltr'><strong>utbonccuotaclibm</strong></span> <span class='ocrx_word' id='word_1_11' title='bbox 813 900 824 939; x_wconf 81' lang='lat'><strong><em>,</em></strong></span> <span class='ocrx_word' id='word_1_12' title='bbox 843 873 938 936; x_wconf 83' lang='lat' dir='ltr'><strong>quem</strong></span> <span class='ocrx_word' id='word_1_13' title='bbox 952 854 1079 935; x_wconf 74' lang='lat' dir='ltr'><strong>scripsit</strong></span> <span class='ocrx_word' id='word_1_14' title='bbox 1096 849 1332 916; x_wconf 50' lang='lat' dir='ltr'><strong>adommim&amp;</strong></span> 
     </span>
     <span class='ocr_line' id='line_1_4' title="bbox 392 962 1332 1046; baseline -0.005 -19"><span class='ocrx_word' id='word_1_15' title='bbox 392 1023 401 1034; x_wconf 78' lang='grc'><strong>,,</strong></span> <span class='ocrx_word' id='word_1_16' title='bbox 420 962 641 1046; x_wconf 74' lang='lat' dir='ltr'><strong>(tempatione</strong></span> <span class='ocrx_word' id='word_1_17' title='bbox 675 962 856 1028; x_wconf 68' lang='lat' dir='ltr'><strong>Meuiimiea</strong></span> <span class='ocrx_word' id='word_1_18' title='bbox 889 963 1160 1030; x_wconf 60' lang='lat' dir='ltr'><strong>subhortatur</strong></span> <span class='ocrx_word' id='word_1_19' title='bbox 1187 969 1332 1028; x_wconf 72' lang='lat' dir='ltr'><strong>nouus</strong></span> 
     </span>
    </p>
   </div>
   <div class='ocr_carea' id='block_1_3' title="bbox 335 1097 550 1118">
    <p class='ocr_par' dir='ltr' id='par_1_3' title="bbox 335 1097 550 1118">
     <span class='ocr_line' id='line_1_5' title="bbox 335 1097 550 1118; baseline 0.009 -6"><span class='ocrx_word' id='word_1_20' title='bbox 335 1097 550 1118; x_wconf 53' lang='lat' dir='ltr'><em>m</em></span> 
     </span>
    </p>
   </div>
   <div class='ocr_carea' id='block_1_4' title="bbox 349 1150 1369 1912">
    <p class='ocr_par' dir='ltr' id='par_1_4' title="bbox 353 1150 1226 1234">
     <span class='ocr_line' id='line_1_6' title="bbox 353 1150 1226 1234; baseline 0.005 -16"><span class='ocrx_word' id='word_1_21' title='bbox 353 1169 383 1234; x_wconf 89' lang='grc'><strong>1)</strong></span> <span class='ocrx_word' id='word_1_22' title='bbox 401 1170 443 1220; x_wconf 83' lang='lat' dir='ltr'><strong>ci.</strong></span> <span class='ocrx_word' id='word_1_23' title='bbox 460 1171 633 1232; x_wconf 76' lang='lat' dir='ltr'><strong>Kosegarteu</strong></span> <span class='ocrx_word' id='word_1_24' title='bbox 649 1169 737 1220; x_wconf 80' lang='lat' dir='ltr'><strong>Praei.</strong></span> <span class='ocrx_word' id='word_1_25' title='bbox 755 1171 790 1220; x_wconf 83' lang='lat' dir='ltr'><strong>ad</strong></span> <span class='ocrx_word' id='word_1_26' title='bbox 802 1150 919 1220; x_wconf 64' lang='lat' dir='ltr'><strong>ibahar.</strong></span> <span class='ocrx_word' id='word_1_27' title='bbox 937 1171 1008 1220; x_wconf 85' lang='lat' dir='ltr'><strong>Anu.</strong></span> <span class='ocrx_word' id='word_1_28' title='bbox 1025 1169 1081 1233; x_wconf 75' lang='lat' dir='ltr'><strong>up.</strong></span> <span class='ocrx_word' id='word_1_29' title='bbox 1098 1169 1133 1220; x_wconf 85' lang='lat' dir='ltr'><strong>V.</strong></span> <span class='ocrx_word' id='word_1_30' title='bbox 1222 1213 1226 1222; x_wconf 92' lang='lat'>.</span> 
     </span>
    </p>

    <p class='ocr_par' dir='ltr' id='par_1_5' title="bbox 349 1259 1369 1912">
     <span class='ocr_line' id='line_1_7' title="bbox 349 1259 1369 1374; baseline 0.004 -50"><span class='ocrx_word' id='word_1_31' title='bbox 349 1274 382 1342; x_wconf 59' lang='grc' dir='ltr'><strong>ἢ)</strong></span> <span class='ocrx_word' id='word_1_32' title='bbox 400 1259 524 1359; x_wconf 52' lang='lat' dir='ltr'><strong>&amp;mpii</strong></span> <span class='ocrx_word' id='word_1_33' title='bbox 553 1276 644 1374; x_wconf 55' lang='lat' dir='ltr'><strong>cyfi</strong></span> <span class='ocrx_word' id='word_1_34' title='bbox 669 1261 757 1342; x_wconf 53' lang='grc' dir='ltr'><strong>ΨΜ</strong></span> <span class='ocrx_word' id='word_1_35' title='bbox 807 1280 915 1332; x_wconf 82' lang='lat' dir='ltr'><strong>Auctor</strong></span> <span class='ocrx_word' id='word_1_36' title='bbox 932 1283 996 1332; x_wconf 88' lang='lat' dir='ltr'><strong>obiit</strong></span> <span class='ocrx_word' id='word_1_37' title='bbox 1012 1291 1037 1330; x_wconf 92' lang='lat' dir='ltr'><strong>a.</strong></span> <span class='ocrx_word' id='word_1_38' title='bbox 1055 1280 1110 1330; x_wconf 75' lang='lat'><strong>279</strong></span> <span class='ocrx_word' id='word_1_39' title='bbox 1135 1274 1201 1340; x_wconf 86' lang='lat' dir='ltr'><strong>(inc.</strong></span> <span class='ocrx_word' id='word_1_40' title='bbox 1223 1279 1251 1330; x_wconf 65' lang='grc' dir='ltr'><strong>Β.</strong></span> <span class='ocrx_word' id='word_1_41' title='bbox 1267 1281 1333 1344; x_wconf 86' lang='lat' dir='ltr'><strong>Apr.</strong></span> <span class='ocrx_word' id='word_1_42' title='bbox 1367 1309 1369 1312; x_wconf 93' lang='lat'>-</span> 
     </span>
     <span class='ocr_line' id='line_1_8' title="bbox 399 1361 1329 1470; baseline 0.002 -34"><span class='ocrx_word' id='word_1_43' title='bbox 399 1386 477 1452; x_wconf 76' lang='lat' dir='ltr'><strong>eea.)</strong></span> <span class='ocrx_word' id='word_1_44' title='bbox 495 1387 531 1438; x_wconf 78' lang='lat' dir='ltr'><strong>or.</strong></span> <span class='ocrx_word' id='word_1_45' title='bbox 548 1387 685 1438; x_wconf 71' lang='lat' dir='ltr'><strong>name:</strong></span> <span class='ocrx_word' id='word_1_46' title='bbox 701 1389 780 1452; x_wconf 72' lang='lat' dir='ltr'><strong>spec.</strong></span> <span class='ocrx_word' id='word_1_47' title='bbox 799 1387 886 1442; x_wconf 69' lang='lat' dir='ltr'><strong>caut</strong></span> <span class='ocrx_word' id='word_1_48' title='bbox 902 1401 929 1451; x_wconf 66' lang='lat' dir='ltr'><strong>pr</strong></span> <span class='ocrx_word' id='word_1_49' title='bbox 943 1387 1044 1438; x_wconf 76' lang='lat' dir='ltr'><strong>r-re</strong></span> <span class='ocrx_word' id='word_1_50' title='bbox 1077 1390 1107 1438; x_wconf 87' lang='lat' dir='ltr'><strong>m</strong></span> <span class='ocrx_word' id='word_1_51' title='bbox 1132 1361 1329 1470; x_wconf 47' lang='lat' dir='ltr'><strong>mutuum</strong></span> 
     </span>
     <span class='ocr_line' id='line_1_9' title="bbox 399 1477 1331 1542; baseline 0 -16"><span class='ocrx_word' id='word_1_52' title='bbox 399 1480 490 1527; x_wconf 85' lang='lat' dir='ltr'><strong>exstat</strong></span> <span class='ocrx_word' id='word_1_53' title='bbox 507 1477 616 1528; x_wconf 72' lang='lat' dir='ltr'><strong>stadiae</strong></span> <span class='ocrx_word' id='word_1_54' title='bbox 634 1478 796 1542; x_wconf 78' lang='lat' dir='ltr'><strong>expugnatio</strong></span> <span class='ocrx_word' id='word_1_55' title='bbox 813 1491 840 1540; x_wconf 90' lang='lat' dir='ltr'><strong>p.</strong></span> <span class='ocrx_word' id='word_1_56' title='bbox 862 1478 916 1528; x_wconf 80' lang='lat' dir='ltr'><strong>tut</strong></span> <span class='ocrx_word' id='word_1_57' title='bbox 938 1491 978 1540; x_wconf 82' lang='lat' dir='ltr'><strong>sq.</strong></span> <span class='ocrx_word' id='word_1_58' title='bbox 1000 1477 1035 1528; x_wconf 84' lang='lat' dir='ltr'><strong>ci.</strong></span> <span class='ocrx_word' id='word_1_59' title='bbox 1060 1477 1238 1540; x_wconf 82' lang='lat' dir='ltr'><strong>Uylcubrock</strong></span> <span class='ocrx_word' id='word_1_60' title='bbox 1260 1479 1331 1526; x_wconf 83' lang='lat' dir='ltr'><strong>Irae.</strong></span> 
     </span>
     <span class='ocr_line' id='line_1_10' title="bbox 399 1561 1329 1632; baseline 0.001 -16"><span class='ocrx_word' id='word_1_61' title='bbox 399 1569 492 1618; x_wconf 84' lang='lat' dir='ltr'><strong>Descr.</strong></span> <span class='ocrx_word' id='word_1_62' title='bbox 519 1583 544 1632; x_wconf 90' lang='lat' dir='ltr'><strong>p.</strong></span> <span class='ocrx_word' id='word_1_63' title='bbox 569 1569 613 1620; x_wconf 80' lang='grc'><strong>07.</strong></span> <span class='ocrx_word' id='word_1_64' title='bbox 637 1596 671 1605; x_wconf 94' lang='grc'><strong>-</strong></span> <span class='ocrx_word' id='word_1_65' title='bbox 691 1572 797 1620; x_wconf 78' lang='lat' dir='ltr'><strong>Arabes</strong></span> <span class='ocrx_word' id='word_1_66' title='bbox 822 1572 894 1630; x_wconf 86' lang='lat' dir='ltr'><strong>ipsos</strong></span> <span class='ocrx_word' id='word_1_67' title='bbox 917 1561 1081 1622; x_wconf 79' lang='lat' dir='ltr'><strong>Mad&#39;ciiniurn</strong></span> <span class='ocrx_word' id='word_1_68' title='bbox 1103 1567 1329 1620; x_wconf 83' lang='lat' dir='ltr'><strong>accuratissimum</strong></span> 
     </span>
     <span class='ocr_line' id='line_1_11' title="bbox 400 1655 1331 1724; baseline 0 -14"><span class='ocrx_word' id='word_1_69' title='bbox 400 1673 514 1711; x_wconf 86' lang='lat' dir='ltr'><strong>censere</strong></span> <span class='ocrx_word' id='word_1_70' title='bbox 532 1655 564 1711; x_wconf 85' lang='lat' dir='ltr'><strong>de</strong></span> <span class='ocrx_word' id='word_1_71' title='bbox 581 1658 756 1713; x_wconf 73' lang='lat' dir='ltr'><strong>Kbortstnae</strong></span> <span class='ocrx_word' id='word_1_72' title='bbox 776 1669 803 1713; x_wconf 89' lang='lat' dir='ltr'><strong>et</strong></span> <span class='ocrx_word' id='word_1_73' title='bbox 819 1665 911 1715; x_wconf 82' lang='lat' dir='ltr'>Indiae</span> <span class='ocrx_word' id='word_1_74' title='bbox 936 1667 1016 1715; x_wconf 89' lang='lat' dir='ltr'><strong>rebus</strong></span> <span class='ocrx_word' id='word_1_75' title='bbox 1038 1664 1194 1724; x_wconf 75' lang='lat' dir='ltr'><strong>scriptorem</strong></span> <span class='ocrx_word' id='word_1_76' title='bbox 1218 1663 1331 1712; x_wconf 86' lang='lat' dir='ltr'><strong>annotat</strong></span> 
     </span>
     <span class='ocr_line' id='line_1_12' title="bbox 397 1749 1331 1817; baseline -0.001 -16"><span class='ocrx_word' id='word_1_77' title='bbox 397 1749 537 1816; x_wconf 73' lang='lat' dir='ltr'><strong>Flri‘geiius</strong></span> <span class='ocrx_word' id='word_1_78' title='bbox 565 1753 636 1802; x_wconf 75' lang='lat' dir='ltr'><strong>licii.</strong></span> <span class='ocrx_word' id='word_1_79' title='bbox 667 1756 699 1803; x_wconf 80' lang='lat' dir='ltr'><strong>L.</strong></span> <span class='ocrx_word' id='word_1_80' title='bbox 729 1757 763 1804; x_wconf 80' lang='lat' dir='ltr'><strong>z.</strong></span> <span class='ocrx_word' id='word_1_81' title='bbox 798 1755 878 1804; x_wconf 85' lang='grc'><strong>1807.</strong></span> <span class='ocrx_word' id='word_1_82' title='bbox 907 1753 960 1808; x_wconf 83' lang='lat' dir='ltr'><strong>ccl.</strong></span> <span class='ocrx_word' id='word_1_83' title='bbox 984 1756 1047 1805; x_wconf 83' lang='grc'><strong>040.</strong></span> <span class='ocrx_word' id='word_1_84' title='bbox 1080 1757 1155 1806; x_wconf 86' lang='lat' dir='ltr'><strong>inter</strong></span> <span class='ocrx_word' id='word_1_85' title='bbox 1172 1753 1331 1817; x_wconf 73' lang='lat' dir='ltr'><strong>antiquissi-</strong></span> 
     </span>
     <span class='ocr_line' id='line_1_13' title="bbox 397 1845 1330 1912; baseline 0 -16"><span class='ocrx_word' id='word_1_86' title='bbox 397 1857 457 1896; x_wconf 76' lang='lat' dir='ltr'><strong>mos</strong></span> <span class='ocrx_word' id='word_1_87' title='bbox 472 1847 496 1896; x_wconf 78' lang='lat' dir='ltr'><strong>ir</strong></span> <span class='ocrx_word' id='word_1_88' title='bbox 511 1846 562 1896; x_wconf 83' lang='lat' dir='ltr'><strong>ibit</strong></span> <span class='ocrx_word' id='word_1_89' title='bbox 578 1847 728 1912; x_wconf 64' lang='lat' dir='ltr'><strong>bisancos,</strong></span> <span class='ocrx_word' id='word_1_90' title='bbox 745 1853 867 1904; x_wconf 83' lang='lat' dir='ltr'><strong>mortuus</strong></span> <span class='ocrx_word' id='word_1_91' title='bbox 884 1860 956 1900; x_wconf 85' lang='lat' dir='ltr'><strong>anno</strong></span> <span class='ocrx_word' id='word_1_92' title='bbox 975 1850 1037 1900; x_wconf 77' lang='lat'><strong>151.</strong></span> <span class='ocrx_word' id='word_1_93' title='bbox 1055 1851 1119 1910; x_wconf 82' lang='lat' dir='ltr'><strong>(inc.</strong></span> <span class='ocrx_word' id='word_1_94' title='bbox 1130 1849 1175 1898; x_wconf 78' lang='lat' dir='ltr'><strong>at.</strong></span> <span class='ocrx_word' id='word_1_95' title='bbox 1186 1845 1330 1903; x_wconf 68' lang='lat' dir='ltr'><strong>len-788]</strong></span> 
     </span>
    </p>
   </div>
   <div class='ocr_carea' id='block_1_5' title="bbox 397 1935 1338 2136">
    <p class='ocr_par' dir='ltr' id='par_1_6' title="bbox 397 1935 1338 2136">
     <span class='ocr_line' id='line_1_14' title="bbox 398 1935 1331 2048; baseline 0 -38"><span class='ocrx_word' id='word_1_96' title='bbox 398 1945 632 2042; x_wconf 54' lang='lat' dir='ltr'><strong>Scripsitfmib</strong></span> <span class='ocrx_word' id='word_1_97' title='bbox 657 1943 784 2048; x_wconf 55' lang='lat' dir='ltr'><strong>&amp;jiioii</strong></span> <span class='ocrx_word' id='word_1_98' title='bbox 814 1935 849 2009; x_wconf 62' lang='lat' dir='ltr'><strong>dc</strong></span> <span class='ocrx_word' id='word_1_99' title='bbox 866 1961 1094 2026; x_wconf 76' lang='lat' dir='ltr'><strong>eupeditionr&#39;bus</strong></span> <span class='ocrx_word' id='word_1_100' title='bbox 1115 1967 1144 2012; x_wconf 76' lang='lat' dir='ltr'><strong>et</strong></span> <span class='ocrx_word' id='word_1_101' title='bbox 1164 1960 1249 2016; x_wconf 76' lang='lat' dir='ltr'><strong>vitos.</strong></span> <span class='ocrx_word' id='word_1_102' title='bbox 1268 1959 1331 2010; x_wconf 82' lang='lat' dir='ltr'><strong>‘ibn</strong></span> 
     </span>
     <span class='ocr_line' id='line_1_15' title="bbox 397 2059 1338 2136; baseline 0.004 -22"><span class='ocrx_word' id='word_1_103' title='bbox 397 2059 550 2114; x_wconf 75' lang='lat' dir='ltr'><strong>Kbaiiiican.</strong></span> <span class='ocrx_word' id='word_1_104' title='bbox 568 2066 594 2115; x_wconf 81' lang='lat' dir='ltr'><strong>a.</strong></span> <span class='ocrx_word' id='word_1_105' title='bbox 614 2065 676 2114; x_wconf 72' lang='grc'><strong>000.</strong></span> <span class='ocrx_word' id='word_1_106' title='bbox 695 2067 765 2136; x_wconf 68' lang='lat' dir='ltr'><strong>Tyri.</strong></span> <span class='ocrx_word' id='word_1_107' title='bbox 783 2077 846 2130; x_wconf 81' lang='lat' dir='ltr'><strong>pag.</strong></span> <span class='ocrx_word' id='word_1_108' title='bbox 862 2067 927 2116; x_wconf 76' lang='lat' dir='ltr'><strong>cle.</strong></span> <span class='ocrx_word' id='word_1_109' title='bbox 945 2068 994 2118; x_wconf 73' lang='lat' dir='ltr'><strong>Est</strong></span> <span class='ocrx_word' id='word_1_110' title='bbox 1011 2069 1069 2118; x_wconf 77' lang='lat' dir='ltr'><strong>cine</strong></span> <span class='ocrx_word' id='word_1_111' title='bbox 1087 2069 1165 2120; x_wconf 80' lang='lat' dir='ltr'><strong>dublo</strong></span> <span class='ocrx_word' id='word_1_112' title='bbox 1179 2064 1338 2123; x_wconf 54' lang='lat' dir='ltr'><strong>Martinus*</strong></span> 
     </span>
    </p>
   </div>
   <div class='ocr_carea' id='block_1_6' title="bbox 385 2154 1439 2313">
    <p class='ocr_par' dir='ltr' id='par_1_7' title="bbox 385 2154 1439 2313">
     <span class='ocr_line' id='line_1_16' title="bbox 385 2154 1439 2235; baseline 0.007 -29"><span class='ocrx_word' id='word_1_113' title='bbox 385 2156 442 2206; x_wconf 72' lang='lat' dir='ltr'><strong>ille</strong></span> <span class='ocrx_word' id='word_1_114' title='bbox 460 2159 493 2207; x_wconf 86' lang='lat' dir='ltr'><strong>ab</strong></span> <span class='ocrx_word' id='word_1_115' title='bbox 509 2157 557 2206; x_wconf 85' lang='lat' dir='ltr'><strong>ibn</strong></span> <span class='ocrx_word' id='word_1_116' title='bbox 573 2154 716 2209; x_wconf 82' lang='lat' dir='ltr'><strong>Kbaidrino</strong></span> <span class='ocrx_word' id='word_1_117' title='bbox 733 2158 876 2226; x_wconf 80' lang='lat' dir='ltr'><strong>laudatus,</strong></span> <span class='ocrx_word' id='word_1_118' title='bbox 905 2163 938 2210; x_wconf 92' lang='lat' dir='ltr'><strong>de</strong></span> <span class='ocrx_word' id='word_1_119' title='bbox 962 2161 1036 2212; x_wconf 91' lang='lat' dir='ltr'><strong>euius</strong></span> <span class='ocrx_word' id='word_1_120' title='bbox 1060 2163 1164 2222; x_wconf 86' lang='lat' dir='ltr'><strong>seriptis</strong></span> <span class='ocrx_word' id='word_1_121' title='bbox 1188 2167 1215 2214; x_wconf 82' lang='lat' dir='ltr'><strong>et</strong></span> <span class='ocrx_word' id='word_1_122' title='bbox 1239 2165 1328 2218; x_wconf 86' lang='lat' dir='ltr'><strong>aetate</strong></span> <span class='ocrx_word' id='word_1_123' title='bbox 1435 2216 1439 2235; x_wconf 40' lang='lat'>¹</span> 
     </span>
     <span class='ocr_line' id='line_1_17' title="bbox 396 2249 1328 2313; baseline 0.006 -15"><span class='ocrx_word' id='word_1_124' title='bbox 396 2249 518 2302; x_wconf 87' lang='lat' dir='ltr'><strong>indicium</strong></span> <span class='ocrx_word' id='word_1_125' title='bbox 535 2251 669 2300; x_wconf 78' lang='lat' dir='ltr'><strong>desiderat</strong></span> <span class='ocrx_word' id='word_1_126' title='bbox 686 2253 795 2313; x_wconf 83' lang='lat' dir='ltr'><strong>sacyus</strong></span> <span class='ocrx_word' id='word_1_127' title='bbox 817 2251 921 2302; x_wconf 83' lang='lat' dir='ltr'><strong>curest.</strong></span> <span class='ocrx_word' id='word_1_128' title='bbox 938 2266 978 2303; x_wconf 89' lang='lat' dir='ltr'><strong>ar.</strong></span> <span class='ocrx_word' id='word_1_129' title='bbox 994 2256 1028 2304; x_wconf 90' lang='lat'><strong>11.</strong></span> <span class='ocrx_word' id='word_1_130' title='bbox 1045 2255 1108 2306; x_wconf 79' lang='grc'><strong>281.</strong></span> <span class='ocrx_word' id='word_1_131' title='bbox 1124 2256 1264 2307; x_wconf 73' lang='lat' dir='ltr'>Laudatur</span> <span class='ocrx_word' id='word_1_132' title='bbox 1285 2255 1328 2304; x_wconf 86' lang='lat' dir='ltr'><strong>in-</strong></span> 
     </span>
    </p>
   </div>
   <div class='ocr_carea' id='block_1_7' title="bbox 396 2356 1329 2434">
    <p class='ocr_par' dir='ltr' id='par_1_8' title="bbox 396 2356 1329 2434">
     <span class='ocr_line' id='line_1_18' title="bbox 396 2356 1329 2434; baseline 0.005 -22"><span class='ocrx_word' id='word_1_133' title='bbox 396 2365 499 2414; x_wconf 89' lang='lat' dir='ltr'><strong>terdum</strong></span> <span class='ocrx_word' id='word_1_134' title='bbox 518 2363 551 2411; x_wconf 89' lang='lat' dir='ltr'><strong>ab</strong></span> <span class='ocrx_word' id='word_1_135' title='bbox 566 2364 615 2434; x_wconf 73' lang='lat' dir='ltr'><strong>ibn</strong></span> <span class='ocrx_word' id='word_1_136' title='bbox 637 2358 799 2422; x_wconf 72' lang='lat' dir='ltr'><strong>Kbaliikrino</strong></span> <span class='ocrx_word' id='word_1_137' title='bbox 822 2366 851 2412; x_wconf 94' lang='lat' dir='ltr'><strong>ut</strong></span> <span class='ocrx_word' id='word_1_138' title='bbox 871 2365 905 2413; x_wconf 92' lang='lat'><strong>11.</strong></span> <span class='ocrx_word' id='word_1_139' title='bbox 920 2356 958 2422; x_wconf 73' lang='lat' dir='ltr'><strong>iii</strong></span> <span class='ocrx_word' id='word_1_140' title='bbox 976 2364 1159 2432; x_wconf 78' lang='lat' dir='ltr'><strong>Wiistenfeid,</strong></span> <span class='ocrx_word' id='word_1_141' title='bbox 1183 2368 1225 2434; x_wconf 87' lang='lat' dir='ltr'><strong>qui</strong></span> <span class='ocrx_word' id='word_1_142' title='bbox 1242 2369 1329 2418; x_wconf 79' lang='lat' dir='ltr'><strong>editor</strong></span> 
     </span>
    </p>
   </div>
   <div class='ocr_carea' id='block_1_8' title="bbox 260 2457 1401 4108">
    <p class='ocr_par' dir='ltr' id='par_1_9' title="bbox 391 2457 1328 2718">
     <span class='ocr_line' id='line_1_19' title="bbox 396 2457 1328 2540; baseline 0.006 -18"><span class='ocrx_word' id='word_1_143' title='bbox 396 2470 422 2522; x_wconf 87' lang='lat' dir='ltr'><strong>in</strong></span> <span class='ocrx_word' id='word_1_144' title='bbox 439 2471 543 2537; x_wconf 63' lang='lat' dir='ltr'><strong>libelloj</strong></span> <span class='ocrx_word' id='word_1_145' title='bbox 559 2457 637 2536; x_wconf 82' lang='lat' dir='ltr'><strong>quem</strong></span> <span class='ocrx_word' id='word_1_146' title='bbox 664 2476 697 2524; x_wconf 90' lang='lat' dir='ltr'><strong>de</strong></span> <span class='ocrx_word' id='word_1_147' title='bbox 718 2474 892 2534; x_wconf 81' lang='lat' dir='ltr'><strong>scriptoribus</strong></span> <span class='ocrx_word' id='word_1_148' title='bbox 909 2477 945 2526; x_wconf 87' lang='lat' dir='ltr'><strong>ab</strong></span> <span class='ocrx_word' id='word_1_149' title='bbox 964 2479 1012 2528; x_wconf 86' lang='lat' dir='ltr'><strong>Iba</strong></span> <span class='ocrx_word' id='word_1_150' title='bbox 1027 2457 1189 2531; x_wconf 68' lang='lat' dir='ltr'><strong>scabinios</strong></span> <span class='ocrx_word' id='word_1_151' title='bbox 1211 2479 1240 2530; x_wconf 74' lang='lat' dir='ltr'><strong>in</strong></span> <span class='ocrx_word' id='word_1_152' title='bbox 1252 2491 1328 2540; x_wconf 81' lang='lat' dir='ltr'><strong>upum</strong></span> 
     </span>
     <span class='ocr_line' id='line_1_20' title="bbox 396 2562 1327 2638; baseline 0.009 -26"><span class='ocrx_word' id='word_1_153' title='bbox 396 2562 517 2614; x_wconf 80' lang='lat' dir='ltr'><strong>adhibitis</strong></span> <span class='ocrx_word' id='word_1_154' title='bbox 537 2565 658 2638; x_wconf 75' lang='lat' dir='ltr'><strong>scripsit,</strong></span> <span class='ocrx_word' id='word_1_155' title='bbox 682 2566 739 2615; x_wconf 87' lang='lat' dir='ltr'><strong>eius</strong></span> <span class='ocrx_word' id='word_1_156' title='bbox 762 2567 790 2614; x_wconf 86' lang='lat' dir='ltr'><strong>ut</strong></span> <span class='ocrx_word' id='word_1_157' title='bbox 810 2567 954 2618; x_wconf 89' lang='lat' dir='ltr'><strong>multorum</strong></span> <span class='ocrx_word' id='word_1_158' title='bbox 977 2569 1089 2622; x_wconf 84' lang='lat' dir='ltr'><strong>aliorum</strong></span> <span class='ocrx_word' id='word_1_159' title='bbox 1113 2582 1149 2619; x_wconf 87' lang='lat' dir='ltr'><strong>ne</strong></span> <span class='ocrx_word' id='word_1_160' title='bbox 1166 2570 1327 2622; x_wconf 83' lang='lat' dir='ltr'><strong>mentionem</strong></span> 
     </span>
     <span class='ocr_line' id='line_1_21' title="bbox 391 2656 584 2718; baseline 0.016 -13"><span class='ocrx_word' id='word_1_161' title='bbox 391 2656 495 2718; x_wconf 87' lang='lat' dir='ltr'><strong>quidem</strong></span> <span class='ocrx_word' id='word_1_162' title='bbox 512 2659 584 2708; x_wconf 85' lang='lat' dir='ltr'><strong>iecit.</strong></span> 
     </span>
    </p>

    <p class='ocr_par' dir='ltr' id='par_1_10' title="bbox 345 2747 1326 2818">
     <span class='ocr_line' id='line_1_22' title="bbox 345 2747 1326 2818; baseline 0.009 -22"><span class='ocrx_word' id='word_1_163' title='bbox 345 2747 378 2806; x_wconf 73' lang='lat' dir='ltr'><strong>a)</strong></span> <span class='ocrx_word' id='word_1_164' title='bbox 395 2747 544 2800; x_wconf 84' lang='lat' dir='ltr'><strong>M’Murdu</strong></span> <span class='ocrx_word' id='word_1_165' title='bbox 562 2753 617 2804; x_wconf 89' lang='grc'><strong>1.1.</strong></span> <span class='ocrx_word' id='word_1_166' title='bbox 636 2753 682 2818; x_wconf 78' lang='grc'><strong>00,</strong></span> <span class='ocrx_word' id='word_1_167' title='bbox 700 2753 743 2816; x_wconf 88' lang='lat' dir='ltr'><strong>qui</strong></span> <span class='ocrx_word' id='word_1_168' title='bbox 759 2754 866 2803; x_wconf 89' lang='lat' dir='ltr'><strong>numina</strong></span> <span class='ocrx_word' id='word_1_169' title='bbox 883 2768 987 2818; x_wconf 84' lang='lat' dir='ltr'><strong>quoque</strong></span> <span class='ocrx_word' id='word_1_170' title='bbox 1004 2755 1128 2813; x_wconf 81' lang='lat' dir='ltr'><strong>,exbibet</strong></span> <span class='ocrx_word' id='word_1_171' title='bbox 1161 2756 1236 2804; x_wconf 81' lang='lat' dir='ltr'><strong>Haec</strong></span> <span class='ocrx_word' id='word_1_172' title='bbox 1260 2768 1326 2805; x_wconf 91' lang='lat' dir='ltr'><strong>eon-</strong></span> 
     </span>
    </p>

    <p class='ocr_par' dir='ltr' id='par_1_11' title="bbox 373 2822 1401 3647">
     <span class='ocr_line' id='line_1_23' title="bbox 373 2822 1328 2910; baseline 0.008 -23"><span class='ocrx_word' id='word_1_173' title='bbox 373 2822 376 2832; x_wconf 47' lang='lat'><em>*</em></span> <span class='ocrx_word' id='word_1_174' title='bbox 394 2841 506 2891; x_wconf 89' lang='lat' dir='ltr'><strong>veniunt</strong></span> <span class='ocrx_word' id='word_1_175' title='bbox 520 2843 600 2892; x_wconf 86' lang='lat' dir='ltr'><strong>etiam</strong></span> <span class='ocrx_word' id='word_1_176' title='bbox 616 2856 674 2893; x_wconf 87' lang='lat' dir='ltr'><strong>cum</strong></span> <span class='ocrx_word' id='word_1_177' title='bbox 692 2857 836 2907; x_wconf 81' lang='lat' dir='ltr'><strong>regnorum</strong></span> <span class='ocrx_word' id='word_1_178' title='bbox 862 2847 970 2896; x_wconf 81' lang='lat' dir='ltr'><strong>Sindiae</strong></span> <span class='ocrx_word' id='word_1_179' title='bbox 992 2849 1062 2896; x_wconf 85' lang='lat' dir='ltr'><strong>statu</strong></span> <span class='ocrx_word' id='word_1_180' title='bbox 1067 2845 1202 2910; x_wconf 64' lang='lat' dir='ltr'><strong>,dualem</strong></span> <span class='ocrx_word' id='word_1_181' title='bbox 1221 2846 1328 2896; x_wconf 89' lang='lat' dir='ltr'><strong>circiter</strong></span> 
     </span>
     <span class='ocr_line' id='line_1_24' title="bbox 395 2919 1328 2998; baseline 0.006 -20"><span class='ocrx_word' id='word_1_182' title='bbox 395 2942 467 2981; x_wconf 81' lang='lat' dir='ltr'><strong>anno</strong></span> <span class='ocrx_word' id='word_1_183' title='bbox 487 2932 543 2980; x_wconf 78' lang='lat' dir='ltr'><strong>eso</strong></span> <span class='ocrx_word' id='word_1_184' title='bbox 560 2931 621 2983; x_wconf 85' lang='lat' dir='ltr'><strong>cm.</strong></span> <span class='ocrx_word' id='word_1_185' title='bbox 641 2933 704 2983; x_wconf 79' lang='lat' dir='ltr'><strong>vna</strong></span> <span class='ocrx_word' id='word_1_186' title='bbox 725 2938 752 2984; x_wconf 80' lang='lat' dir='ltr'><strong>et</strong></span> <span class='ocrx_word' id='word_1_187' title='bbox 777 2935 915 2994; x_wconf 82' lang='lat' dir='ltr'><strong>descripsit</strong></span> <span class='ocrx_word' id='word_1_188' title='bbox 931 2936 1016 2985; x_wconf 79' lang='lat' dir='ltr'><strong>aman</strong></span> <span class='ocrx_word' id='word_1_189' title='bbox 1035 2919 1159 2998; x_wconf 62' lang='lat' dir='ltr'><strong>uusang,</strong></span> <span class='ocrx_word' id='word_1_190' title='bbox 1186 2933 1328 2985; x_wconf 72' lang='lat' dir='ltr'><strong>aucuns-ta</strong></span> 
     </span>
     <span class='ocr_line' id='line_1_25' title="bbox 394 3009 1401 3090; baseline 0.006 -22"><span class='ocrx_word' id='word_1_191' title='bbox 394 3020 524 3070; x_wconf 73' lang='lat' dir='ltr'><strong>sinensis.</strong></span> <span class='ocrx_word' id='word_1_192' title='bbox 558 3023 592 3072; x_wconf 81' lang='lat' dir='ltr'><strong>cf.</strong></span> <span class='ocrx_word' id='word_1_193' title='bbox 622 3024 681 3074; x_wconf 81' lang='lat' dir='ltr'><strong>Fue</strong></span> <span class='ocrx_word' id='word_1_194' title='bbox 702 3025 780 3075; x_wconf 86' lang='lat' dir='ltr'><strong>Koue</strong></span> <span class='ocrx_word' id='word_1_195' title='bbox 800 3027 834 3074; x_wconf 86' lang='lat' dir='ltr'><strong>Ki</strong></span> <span class='ocrx_word' id='word_1_196' title='bbox 855 3028 896 3075; x_wconf 88' lang='lat' dir='ltr'><strong>ed.</strong></span> <span class='ocrx_word' id='word_1_197' title='bbox 917 3009 1025 3075; x_wconf 75' lang='lat' dir='ltr'><strong>nemus.</strong></span> <span class='ocrx_word' id='word_1_198' title='bbox 1051 3041 1076 3090; x_wconf 93' lang='lat' dir='ltr'><strong>p.</strong></span> <span class='ocrx_word' id='word_1_199' title='bbox 1101 3028 1164 3075; x_wconf 83' lang='grc'><strong>003.</strong></span> <span class='ocrx_word' id='word_1_200' title='bbox 1178 3040 1234 3090; x_wconf 80' lang='lat' dir='ltr'><strong>sqq.</strong></span> <span class='ocrx_word' id='word_1_201' title='bbox 1266 3028 1328 3074; x_wconf 84' lang='lat' dir='ltr'><strong>isa</strong></span> <span class='ocrx_word' id='word_1_202' title='bbox 1389 3057 1401 3074; x_wconf 84' lang='grc'><strong>.</strong></span> 
     </span>
     <span class='ocr_line' id='line_1_26' title="bbox 393 3111 1327 3180; baseline 0.007 -20"><span class='ocrx_word' id='word_1_203' title='bbox 393 3111 445 3161; x_wconf 82' lang='lat' dir='ltr'><strong>liiu</strong></span> <span class='ocrx_word' id='word_1_204' title='bbox 461 3114 520 3162; x_wconf 87' lang='lat' dir='ltr'><strong>tche</strong></span> <span class='ocrx_word' id='word_1_205' title='bbox 539 3112 567 3163; x_wconf 89' lang='lat' dir='ltr'><strong>iu</strong></span> <span class='ocrx_word' id='word_1_206' title='bbox 593 3113 610 3166; x_wconf 87' lang='lat' dir='ltr'><strong>i.</strong></span> <span class='ocrx_word' id='word_1_207' title='bbox 628 3126 653 3164; x_wconf 90' lang='lat' dir='ltr'><strong>e.</strong></span> <span class='ocrx_word' id='word_1_208' title='bbox 680 3113 812 3179; x_wconf 80' lang='lat' dir='ltr'><strong>Gurg&#39;ara</strong></span> <span class='ocrx_word' id='word_1_209' title='bbox 832 3117 973 3180; x_wconf 90' lang='lat' dir='ltr'><strong>provincia</strong></span> <span class='ocrx_word' id='word_1_210' title='bbox 999 3120 1209 3178; x_wconf 84' lang='lat' dir='ltr'><strong>septentrionem</strong></span> <span class='ocrx_word' id='word_1_211' title='bbox 1229 3130 1327 3168; x_wconf 83' lang='lat' dir='ltr'><strong>versus</strong></span> 
     </span>
     <span class='ocr_line' id='line_1_27' title="bbox 397 3189 1326 3274; baseline 0.005 -21"><span class='ocrx_word' id='word_1_212' title='bbox 397 3189 591 3262; x_wconf 79' lang='lat' dir='ltr'><strong>(annotandum</strong></span> <span class='ocrx_word' id='word_1_213' title='bbox 610 3210 665 3274; x_wconf 88' lang='lat' dir='ltr'><strong>est,</strong></span> <span class='ocrx_word' id='word_1_214' title='bbox 682 3208 839 3268; x_wconf 87' lang='lat' dir='ltr'><strong>scriptorem</strong></span> <span class='ocrx_word' id='word_1_215' title='bbox 862 3209 887 3258; x_wconf 91' lang='lat' dir='ltr'><strong>in</strong></span> <span class='ocrx_word' id='word_1_216' title='bbox 908 3210 947 3260; x_wconf 80' lang='lat' dir='ltr'><strong>iris</strong></span> <span class='ocrx_word' id='word_1_217' title='bbox 970 3211 1131 3274; x_wconf 77' lang='lat' dir='ltr'><strong>regionibus</strong></span> <span class='ocrx_word' id='word_1_218' title='bbox 1148 3209 1326 3260; x_wconf 90' lang='lat' dir='ltr'><strong>describendis</strong></span> 
     </span>
     <span class='ocr_line' id='line_1_28' title="bbox 395 3291 1397 3365; baseline 0.008 -22"><span class='ocrx_word' id='word_1_219' title='bbox 395 3295 489 3356; x_wconf 83' lang='lat' dir='ltr'><strong>ubique</strong></span> <span class='ocrx_word' id='word_1_220' title='bbox 527 3297 736 3360; x_wconf 86' lang='lat' dir='ltr'><strong>septentribnem</strong></span> <span class='ocrx_word' id='word_1_221' title='bbox 776 3303 857 3365; x_wconf 87' lang='lat' dir='ltr'><strong>paulo</strong></span> <span class='ocrx_word' id='word_1_222' title='bbox 893 3303 979 3365; x_wconf 83' lang='lat' dir='ltr'><strong>tnagis</strong></span> <span class='ocrx_word' id='word_1_223' title='bbox 1020 3300 1185 3350; x_wconf 90' lang='lat' dir='ltr'><strong>occidentem</strong></span> <span class='ocrx_word' id='word_1_224' title='bbox 1226 3313 1325 3350; x_wconf 83' lang='lat' dir='ltr'><strong>versus</strong></span> <span class='ocrx_word' id='word_1_225' title='bbox 1390 3291 1397 3310; x_wconf 89' lang='lat'>&#39;</span> 
     </span>
     <span class='ocr_line' id='line_1_29' title="bbox 393 3377 1325 3454; baseline 0.005 -21"><span class='ocrx_word' id='word_1_226' title='bbox 393 3383 542 3447; x_wconf 85' lang='lat' dir='ltr'><strong>collocare)</strong></span> <span class='ocrx_word' id='word_1_227' title='bbox 558 3377 609 3452; x_wconf 79' lang='lat' dir='ltr'><strong>per&#39;</strong></span> <span class='ocrx_word' id='word_1_228' title='bbox 618 3392 752 3442; x_wconf 86' lang='lat' dir='ltr'><strong>desertum</strong></span> <span class='ocrx_word' id='word_1_229' title='bbox 769 3393 907 3454; x_wconf 84' lang='lat' dir='ltr'><strong>profectus</strong></span> <span class='ocrx_word' id='word_1_230' title='bbox 926 3391 1039 3442; x_wconf 85' lang='lat' dir='ltr'><strong>traiecto</strong></span> <span class='ocrx_word' id='word_1_231' title='bbox 1060 3391 1127 3440; x_wconf 88' lang='lat' dir='ltr'><strong>Indo</strong></span> <span class='ocrx_word' id='word_1_232' title='bbox 1147 3401 1225 3438; x_wconf 88' lang='lat' dir='ltr'><strong>amne</strong></span> <span class='ocrx_word' id='word_1_233' title='bbox 1249 3389 1325 3439; x_wconf 83' lang='lat' dir='ltr'><strong>venit</strong></span> 
     </span>
     <span class='ocr_line' id='line_1_30' title="bbox 391 3477 1323 3545; baseline 0.001 -17"><span class='ocrx_word' id='word_1_234' title='bbox 391 3478 419 3528; x_wconf 91' lang='lat' dir='ltr'><strong>in</strong></span> <span class='ocrx_word' id='word_1_235' title='bbox 437 3489 550 3541; x_wconf 81' lang='lat' dir='ltr'><strong>regnum</strong></span> <span class='ocrx_word' id='word_1_236' title='bbox 568 3481 621 3530; x_wconf 71' lang='lat' dir='ltr'><strong>Sin</strong></span> <span class='ocrx_word' id='word_1_237' title='bbox 639 3483 697 3545; x_wconf 77' lang='lat' dir='ltr'><strong>tou,</strong></span> <span class='ocrx_word' id='word_1_238' title='bbox 716 3481 789 3532; x_wconf 88' lang='lat' dir='ltr'><strong>euius</strong></span> <span class='ocrx_word' id='word_1_239' title='bbox 810 3483 890 3544; x_wconf 90' lang='lat' dir='ltr'><strong>caput</strong></span> <span class='ocrx_word' id='word_1_240' title='bbox 905 3479 935 3530; x_wconf 79' lang='lat' dir='ltr'><strong>Pi</strong></span> <span class='ocrx_word' id='word_1_241' title='bbox 947 3479 1029 3530; x_wconf 70' lang='lat' dir='ltr'><strong>&#39;tehen</strong></span> <span class='ocrx_word' id='word_1_242' title='bbox 1048 3491 1083 3539; x_wconf 90' lang='lat' dir='ltr'><strong>po</strong></span> <span class='ocrx_word' id='word_1_243' title='bbox 1102 3491 1156 3541; x_wconf 83' lang='lat' dir='ltr'><strong>pou</strong></span> <span class='ocrx_word' id='word_1_244' title='bbox 1175 3477 1203 3528; x_wconf 92' lang='lat' dir='ltr'><strong>lo</strong></span> <span class='ocrx_word' id='word_1_245' title='bbox 1224 3491 1323 3529; x_wconf 88' lang='lat' dir='ltr'><strong>nomen</strong></span> 
     </span>
     <span class='ocr_line' id='line_1_31' title="bbox 392 3557 1323 3647; baseline 0.001 -28"><span class='ocrx_word' id='word_1_246' title='bbox 392 3571 519 3638; x_wconf 72' lang='lat' dir='ltr'><strong>gerebat5</strong></span> <span class='ocrx_word' id='word_1_247' title='bbox 535 3583 585 3622; x_wconf 86' lang='lat' dir='ltr'><strong>rex</strong></span> <span class='ocrx_word' id='word_1_248' title='bbox 602 3574 711 3636; x_wconf 84' lang='lat' dir='ltr'><strong>estirpe</strong></span> <span class='ocrx_word' id='word_1_249' title='bbox 725 3574 839 3625; x_wconf 78' lang='lat' dir='ltr'><strong>cibuto</strong></span> <span class='ocrx_word' id='word_1_250' title='bbox 859 3574 887 3624; x_wconf 91' lang='lat' dir='ltr'><strong>io</strong></span> <span class='ocrx_word' id='word_1_251' title='bbox 909 3573 925 3624; x_wconf 86' lang='lat' dir='ltr'><strong>i.</strong></span> <span class='ocrx_word' id='word_1_252' title='bbox 945 3586 969 3622; x_wconf 93' lang='lat' dir='ltr'><strong>e.</strong></span> <span class='ocrx_word' id='word_1_253' title='bbox 985 3573 1132 3647; x_wconf 82' lang='lat' dir='ltr'><strong>Xatrorum</strong></span> <span class='ocrx_word' id='word_1_254' title='bbox 1152 3557 1212 3622; x_wconf 80' lang='lat' dir='ltr'><strong>erat</strong></span> <span class='ocrx_word' id='word_1_255' title='bbox 1228 3576 1323 3633; x_wconf 85' lang='lat' dir='ltr'><strong>(supra</strong></span> 
     </span>
    </p>

    <p class='ocr_par' dir='ltr' id='par_1_12' title="bbox 325 3656 1324 3828">
     <span class='ocr_line' id='line_1_32' title="bbox 325 3656 1324 3727; baseline 0.001 -17"><span class='ocrx_word' id='word_1_256' title='bbox 325 3707 330 3714; x_wconf 84' lang='grc'><strong>,</strong></span> <span class='ocrx_word' id='word_1_257' title='bbox 375 3656 514 3726; x_wconf 73' lang='lat' dir='ltr'><strong>&#39;tempore</strong></span> <span class='ocrx_word' id='word_1_258' title='bbox 526 3665 729 3727; x_wconf 72' lang='lat' dir='ltr'><strong>expugnationis</strong></span> <span class='ocrx_word' id='word_1_259' title='bbox 739 3665 872 3714; x_wconf 78' lang='lat' dir='ltr'><strong>Arabicae</strong></span> <span class='ocrx_word' id='word_1_260' title='bbox 884 3657 1046 3714; x_wconf 76' lang='lat' dir='ltr'><strong>brahmanus</strong></span> <span class='ocrx_word' id='word_1_261' title='bbox 1062 3663 1146 3713; x_wconf 79' lang='lat' dir='ltr'><strong>ruisse</strong></span> <span class='ocrx_word' id='word_1_262' title='bbox 1158 3664 1243 3714; x_wconf 83' lang='lat' dir='ltr'><strong>dictus</strong></span> <span class='ocrx_word' id='word_1_263' title='bbox 1255 3665 1324 3727; x_wconf 70' lang='lat' dir='ltr'><strong>pst).</strong></span> 
     </span>
     <span class='ocr_line' id='line_1_33' title="bbox 393 3751 1322 3828; baseline 0.002 -26"><span class='ocrx_word' id='word_1_264' title='bbox 393 3751 428 3803; x_wconf 80' lang='lat' dir='ltr'><strong>Ut</strong></span> <span class='ocrx_word' id='word_1_265' title='bbox 445 3753 523 3805; x_wconf 87' lang='lat' dir='ltr'><strong>etiam</strong></span> <span class='ocrx_word' id='word_1_266' title='bbox 541 3757 705 3819; x_wconf 87' lang='lat' dir='ltr'><strong>reliquorum</strong></span> <span class='ocrx_word' id='word_1_267' title='bbox 721 3760 852 3806; x_wconf 79' lang='lat' dir='ltr'><strong>tractuum</strong></span> <span class='ocrx_word' id='word_1_268' title='bbox 869 3756 1011 3818; x_wconf 88' lang='lat' dir='ltr'><strong>descriptio</strong></span> <span class='ocrx_word' id='word_1_269' title='bbox 1029 3757 1132 3828; x_wconf 56' lang='lat' dir='ltr'><strong>docetp</strong></span> <span class='ocrx_word' id='word_1_270' title='bbox 1149 3757 1184 3804; x_wconf 86' lang='lat' dir='ltr'><strong>ad</strong></span> <span class='ocrx_word' id='word_1_271' title='bbox 1207 3753 1322 3804; x_wconf 82' lang='lat' dir='ltr'><strong>medium</strong></span> 
     </span>
    </p>

    <p class='ocr_par' dir='ltr' id='par_1_13' title="bbox 357 3842 1322 3906">
     <span class='ocr_line' id='line_1_34' title="bbox 357 3842 1322 3906; baseline 0.001 -13"><span class='ocrx_word' id='word_1_272' title='bbox 357 3883 359 3888; x_wconf 86' lang='lat'>.</span> <span class='ocrx_word' id='word_1_273' title='bbox 392 3845 487 3896; x_wconf 88' lang='lat' dir='ltr'><strong>indum</strong></span> <span class='ocrx_word' id='word_1_274' title='bbox 502 3847 573 3897; x_wconf 78' lang='lat' dir='ltr'><strong>infra</strong></span> <span class='ocrx_word' id='word_1_275' title='bbox 588 3850 753 3897; x_wconf 78' lang='lat' dir='ltr'><strong>confluentes</strong></span> <span class='ocrx_word' id='word_1_276' title='bbox 771 3846 843 3895; x_wconf 87' lang='lat' dir='ltr'><strong>cirea</strong></span> <span class='ocrx_word' id='word_1_277' title='bbox 859 3842 950 3895; x_wconf 75' lang='lat' dir='ltr'><strong>Bauer</strong></span> <span class='ocrx_word' id='word_1_278' title='bbox 965 3850 992 3896; x_wconf 89' lang='lat' dir='ltr'><strong>et</strong></span> <span class='ocrx_word' id='word_1_279' title='bbox 1003 3847 1151 3906; x_wconf 79' lang='lat' dir='ltr'><strong>Sbikarpur</strong></span> <span class='ocrx_word' id='word_1_280' title='bbox 1162 3845 1241 3896; x_wconf 85' lang='lat' dir='ltr'><strong>situm</strong></span> <span class='ocrx_word' id='word_1_281' title='bbox 1254 3847 1322 3894; x_wconf 78' lang='lat' dir='ltr'><strong>erat.</strong></span> 
     </span>
    </p>

    <p class='ocr_par' dir='ltr' id='par_1_14' title="bbox 260 3936 1321 4108">
     <span class='ocr_line' id='line_1_35' title="bbox 392 3936 1319 4003; baseline 0.004 -18"><span class='ocrx_word' id='word_1_282' title='bbox 392 3937 433 3986; x_wconf 89' lang='lat' dir='ltr'><strong>Ab</strong></span> <span class='ocrx_word' id='word_1_283' title='bbox 451 3949 485 3987; x_wconf 91' lang='lat' dir='ltr'><strong>eo</strong></span> <span class='ocrx_word' id='word_1_284' title='bbox 501 3939 553 3988; x_wconf 85' lang='lat' dir='ltr'><strong>tria</strong></span> <span class='ocrx_word' id='word_1_285' title='bbox 569 3950 666 4003; x_wconf 81' lang='lat' dir='ltr'><strong>regna,</strong></span> <span class='ocrx_word' id='word_1_286' title='bbox 685 3942 749 3988; x_wconf 88' lang='lat' dir='ltr'><strong>tunc</strong></span> <span class='ocrx_word' id='word_1_287' title='bbox 765 3951 833 4001; x_wconf 82' lang='lat' dir='ltr'><strong>rege</strong></span> <span class='ocrx_word' id='word_1_288' title='bbox 851 3938 957 4001; x_wconf 89' lang='lat' dir='ltr'><strong>proprio</strong></span> <span class='ocrx_word' id='word_1_289' title='bbox 980 3937 1110 4002; x_wconf 77' lang='lat' dir='ltr'><strong>carentia,</strong></span> <span class='ocrx_word' id='word_1_290' title='bbox 1128 3936 1319 3998; x_wconf 87' lang='lat' dir='ltr'><strong>dependebant.</strong></span> 
     </span>
     <span class='ocr_line' id='line_1_36' title="bbox 260 4021 1321 4108; baseline -0.001 -31"><span class='ocrx_word' id='word_1_291' title='bbox 260 4030 265 4040; x_wconf 81' lang='grc'><strong>“</strong></span> <span class='ocrx_word' id='word_1_292' title='bbox 366 4026 417 4108; x_wconf 83' lang='grc' dir='ltr'><strong>Ι,1</strong></span> <span class='ocrx_word' id='word_1_293' title='bbox 439 4028 520 4079; x_wconf 83' lang='lat' dir='ltr'><strong>tbtoa</strong></span> <span class='ocrx_word' id='word_1_294' title='bbox 533 4043 573 4093; x_wconf 81' lang='lat' dir='ltr'><strong>po</strong></span> <span class='ocrx_word' id='word_1_295' title='bbox 598 4030 656 4081; x_wconf 79' lang='lat' dir='ltr'><strong>tciri</strong></span> <span class='ocrx_word' id='word_1_296' title='bbox 674 4031 702 4079; x_wconf 89' lang='lat' dir='ltr'><strong>lo</strong></span> <span class='ocrx_word' id='word_1_297' title='bbox 725 4026 758 4079; x_wconf 84' lang='lat' dir='ltr'><strong>ab</strong></span> <span class='ocrx_word' id='word_1_298' title='bbox 782 4029 923 4078; x_wconf 80' lang='grc'><strong>11101100</strong></span> <span class='ocrx_word' id='word_1_299' title='bbox 947 4027 993 4080; x_wconf 85' lang='lat' dir='ltr'><strong>vel</strong></span> <span class='ocrx_word' id='word_1_300' title='bbox 1021 4021 1096 4079; x_wconf 83' lang='lat' dir='ltr'><strong>redo</strong></span> <span class='ocrx_word' id='word_1_301' title='bbox 1124 4023 1248 4077; x_wconf 85' lang='lat' dir='ltr'><strong>milliaria</strong></span> <span class='ocrx_word' id='word_1_302' title='bbox 1276 4027 1321 4077; x_wconf 81' lang='lat' dir='ltr'><strong>si-</strong></span> 
     </span>
    </p>
   </div>
   <div class='ocr_carea' id='block_1_9' title="bbox 392 4115 1319 4195">
    <p class='ocr_par' dir='ltr' id='par_1_15' title="bbox 392 4115 1319 4195">
     <span class='ocr_line' id='line_1_37' title="bbox 392 4115 1319 4195; baseline -0.005 -24"><span class='ocrx_word' id='word_1_303' title='bbox 392 4119 487 4171; x_wconf 88' lang='lat' dir='ltr'><strong>nensia</strong></span> <span class='ocrx_word' id='word_1_304' title='bbox 507 4135 575 4184; x_wconf 87' lang='lat' dir='ltr'><strong>quae</strong></span> <span class='ocrx_word' id='word_1_305' title='bbox 594 4121 617 4172; x_wconf 82' lang='lat' dir='ltr'><strong>tt</strong></span> <span class='ocrx_word' id='word_1_306' title='bbox 636 4124 766 4195; x_wconf 84' lang='lat' dir='ltr'><strong>vocantur</strong></span> <span class='ocrx_word' id='word_1_307' title='bbox 782 4120 799 4170; x_wconf 89' lang='lat' dir='ltr'><strong>i.</strong></span> <span class='ocrx_word' id='word_1_308' title='bbox 817 4133 841 4170; x_wconf 88' lang='lat' dir='ltr'><strong>e.</strong></span> <span class='ocrx_word' id='word_1_309' title='bbox 861 4123 920 4171; x_wconf 85' lang='lat' dir='ltr'><strong>fere</strong></span> <span class='ocrx_word' id='word_1_310' title='bbox 937 4121 975 4171; x_wconf 80' lang='grc'><strong>80</strong></span> <span class='ocrx_word' id='word_1_311' title='bbox 989 4119 1052 4172; x_wconf 86' lang='lat' dir='ltr'><strong>mill.</strong></span> <span class='ocrx_word' id='word_1_312' title='bbox 1070 4119 1161 4169; x_wconf 68' lang='lat' dir='ltr'><strong>Germ.</strong></span> <span class='ocrx_word' id='word_1_313' title='bbox 1182 4115 1319 4170; x_wconf 86' lang='lat' dir='ltr'><strong>meridiem</strong></span> 
     </span>
    </p>
   </div>
   <div class='ocr_carea' id='block_1_10' title="bbox 1056 4270 1063 4298">
    <p class='ocr_par' dir='ltr' id='par_1_16' title="bbox 1056 4270 1063 4298">
     <span class='ocr_line' id='line_1_38' title="bbox 1056 4270 1063 4298; baseline 0 0"><span class='ocrx_word' id='word_1_314' title='bbox 1056 4270 1063 4298; x_wconf 80' lang='lat' dir='ltr'><strong>i</strong></span> 
     </span>
    </p>
   </div>
   <div class='ocr_carea' id='block_1_11' title="bbox 0 0 1544 4964">
    <p class='ocr_par' dir='ltr' id='par_1_17' title="bbox 0 0 1544 4964">
     <span class='ocr_line' id='line_1_39' title="bbox 0 0 1544 4964; baseline 0 4"><span class='ocrx_word' id='word_1_315' title='bbox 0 0 1544 4964; x_wconf 95' lang='lat' dir='ltr'><strong> </strong></span> 
     </span>
    </p>
   </div>
  </div>
 </body>
</html>
