3078 4964
342 797 415 856 nem
436 777 564 878 iecisse,
587 795 701 883 quippe
722 819 805 881 quae
819 800 945 864 ‘inutilis
968 807 1000 859 et
1020 805 1149 880 propter
1167 795 1337 858 indomitos

343 918 526 984 asperorum
546 911 697 972 montium
719 909 840 971 incolas
866 907 1047 971 difficillima
1068 905 1193 1004 inisset.
1234 904 1338 966 Prae-

343 1014 491 1095 termitto,
523 1017 606 1096 quod
635 1018 777 1101 tradunt,
813 1017 1003 1081 othmtnum
1029 1013 1180 1078 khaiiiarn
1214 1015 1339 1075 tertium

342 1117 479 1208 Indiam,
500 1123 531 1183 in
552 1141 645 1202 quarn
678 1123 910 1206 expeditionem
938 1125 1103 1206 suscipere
1132 1123 1191 1183 sibi
1218 1126 1350 1202 propo-'
1413 1137 1417 1146 ·

341 1224 472 1307 suisset,
501 1227 724 1309 explorandam
757 1229 931 1310 curasse',
960 1236 992 1290 et
1016 1227 1080 1309 prii
1104 1243 1228 1307 quoque
1253 1223 1338 1284 kha-

341 1330 416 1392 lifae
438 1329 538 1394 duces
561 1335 713 1415 quasdam
735 1337 867 1398 Sindiae
895 1343 1003 1418 partes
1032 1352 1229 1416 occupasse,
1264 1341 1338 1413 post

341 1441 410 1503 eins
436 1452 569 1507 mortem
596 1445 762 1523 desertas3
805 1443 886 1529 rinae
921 1447 1046 1509 fabulae
1076 1441 1180 1506 sunt2.
1221 1443 1339 1523 Neque

340 1549 478 1640 melioris
500 1559 574 1617 sunt
596 1550 702 1640 notae,
732 1575 814 1638 quae
840 1544 937 1640 Hag'i
964 1549 1216 1636 Khoifdomdit,
1247 1570 1337 1615 anno.

339 1655 382 1721 da
403 1666 436 1720 et
456 1656 498 1720 43
519 1662 593 1736 (ine.
616 1661 667 1725 es.
693 1664 772 1745 Apr.
805 1665 882 1739 662)
911 1649 1118 1725 Muhallitiunr
1146 1663 1208 1724 ben
1231 1661 1338 1724 Abul-

341 1767 415 1850 paia
436 1766 648 1842 Khorisianae
672 1773 870 1854 praesectupr
899 1771 1017 1834 Indiam
1047 1779 1080 1833 et
1104 1771 1248 1836 Sindiarn
1277 1785 1338 1832 ex-

339 1897 516 1962 pugnasse,
539 1899 635 1960 quum
656 1859 990 1943 secundum‘eundem
1010 1900 1092 1942 anno
1113 1879 1205 1942 45ne
1218 1865 1338 1962 Sag'a-

339 1983 432 2046 staina
459 1986 583 2066 quidem
605 1987 718 2051 'furcis
740 1998 849 2071 erepta
871 1996 960 2050 esset
971 1982 990 2048 ³.
1030 1987 1122 2052 Unde
1149 1988 1212 2049 hae
1243 1987 1338 2048 iabu-

338 2093 398 2162 iae¹
418 2093 570 2175 originem
592 2093 719 2181 ducant,
741 2095 869 2158 difficile
889 2096 974 2178 dictn
996 2105 1062 2178 est3
1085 2096 1209 2158 etiamsi
1231 2094 1339 2157 histo·

339 2199 417 2261 riam
439 2199 522 2264 illius
543 2205 695 2285 temporis
716 2190 815 2268 nobis
829 2205 976 2270 traditam
998 2206 1239 2268 incertissimam
1261 2222 1337 2266 esse
1403 2189 1411 2194 ’

344 2332 541 2349 *-

350 2405 394 2463 Ἀ1)’
406 2403 554 2470 Qanvinins
571 2407 598 2457 in
623 2419 706 2470 opere
730 2399 911 2472 geossrapiu'eo
934 2421 956 2456 ι.
981 2421 1007 2456 v.
1032 2406 1097 2458 sind
1122 2403 1203 2456 tradit
1218 2415 1283 2454 eum
1302 2405 1335 2454 ab

407 2498 464 2548 noc·
475 2499 588 2550 consilio
607 2500 750 2565 destitisse·
769 2513 848 2563 qunnr
865 2501 897 2550 ab
915 2501 1031 2550 abdalla
1046 2501 1098 2550 bon
1113 2490 1335 2560 Anirregionem

402 2601 464 2640 essa
480 2591 675 2654 pauperrimam
692 2591 830 2646 audiisset.
846 2617 880 2630 --
895 2592 1016 2655 Dowins,
1033 2591 1078 2656 qui
1098 2593 1130 2640 de
1154 2589 1263 2666 sindiae
1287 2602 1336 2639 ex-

402 2681 572 2744 pugnatione
584 2682 621 2730 nil
638 2684 708 2760 apud
731 2687 870 2732 auctorem
886 2697 963 2733 suurn
980 2683 1114 2733 invenisse
1131 2681 1247 2745 videtur,
1268 2661 1334 2729 Hist.

312 2775 325 2846 ἱ·
402 2767 873 2848 afflindeditlrondin.1812.1.
895 2787 920 2834 p.
946 2771 1000 2836 18„
1024 2767 1209 2820 Khorasinarn
1232 2761 1335 2820 domurn
1413 2767 1423 2780 “
1530 2727 1531 2766 i

401 2872 427 2909 a.
445 2861 492 2910 ed.
511 2847 544 2911 ab
561 2862 677 2911 Abdalla
694 2863 746 2912 ben
762 2861 839 2912 Amir
855 2855 1036 2927 expugnatam
1053 2876 1114 2912 esse
1131 2864 1182 2925 aitp
1212 2875 1246 2912 ea
1270 2877 1336 2913 nar-

402 2954 472 3008 ratio
489 2955 537 3002 iinr
556 2937 689 3017 Onwibae
707 2957 760 3018 est,
784 2956 828 3017 qni
850 2947 1138 3018 Khoristnam'neqne
1164 2966 1224 3004 eam
1243 2957 1331 3006 totarrr

373 3053 377 3058 ’
401 3045 524 3096 sederas
540 3048 621 3108 caput
638 3049 738 3096 tantum
755 3042 913 3098 Marvalrird
929 3046 978 3096 sub
996 3041 1124 3096 numam
1146 3048 1336 3112 expugnatam,
1379 3091 1383 3102 .

403 3148 464 3185 esse
482 3136 582 3200 retulit,
600 3136 635 3185 cf.
652 3135 728 3187 locus
746 3133 804 3188 eius
820 3149 838 3186 a
860 3136 968 3187 Reislrio
986 3138 1020 3186 ad
1041 3136 1132 3200 Abali.
1155 3139 1175 3186 1.
1200 3139 1256 3186 not.
1282 3135 1336 3184 108

405 3227 542 3292 laudatus,
559 3229 601 3277 ubi
619 3230 726 3279 omnino
749 3241 767 3277 a
791 3229 897 3292 vulgari
918 3228 1146 3290 expugnationunr
1161 3227 1336 3276 historiare-

401 3318 483 3383 cedit,
500 3320 549 3368 sed
562 3319 647 3368 minus
663 3319 811 3381 probabilia
827 3330 941 3368 narrare
957 3317 1069 3366 videtur.

353 3410 386 3468 a)
404 3410 471 3458 noo.
488 3408 506 3457 r.
522 3408 542 3458 r.
559 3409 667 3460 nunnus
685 3393 895 3473 narrationibus,
912 3420 978 3471 quas
994 3409 1077 3472 ungu
1098 3422 1131 3458 ex
1159 3409 1274 3460 Persida
1298 3409 1335 3460 n-

399 3499 455 3551 bris
467 3499 592 3562 imprimis
614 3500 879 3551 auunannedanisr
890 3499 984 3549 indicis
1003 3502 1160 3562 conscriptis
1177 3504 1335 3566 desumpse-

315 3572 319 3578 ⁶
399 3593 474 3656 runt,
501 3587 576 3639 nulla
600 3591 747 3640 auctoritas
769 3590 909 3640 tribuenda
930 3594 988 3654 est,
1022 3589 1073 3638 nisi
1093 3591 1257 3653 antiquiores
1283 3591 1335 3642 sint

399 3685 502 3737 fontes,
533 3682 603 3742 unde
619 3695 669 3730 sna
688 3681 842 3732 derivarint.
875 3679 963 3730 Alium
980 3679 1030 3744 pen
1051 3680 1102 3728 Abi
1128 3679 1221 3730 'finiit
1250 3683 1334 3744 ipsum

400 3775 435 3822 ad
466 3773 577 3824 fluminis
601 3751 721 3820 Kribuiici
738 3773 830 3822 fontes
858 3783 942 3834 prope
967 3749 1049 3820 vie't'rm
1080 3772 1247 3824 Sirchesirnra
1266 3773 1333 3821 sitos

398 3864 519 3926 vennae,
542 3862 669 3915 nortona
693 3863 812 3927 perornet
831 3851 937 3925 sarrana,⁴
953 3854 1078 3922 pnne'eo
1101 3865 1217 3914 uusnnn
1239 3865 1334 3914 orooro
1363 3883 1369 3890 ‚

361 3949 362 3952 ’
401 3930 617 4017 peregrinantur.
651 3931 690 4003 eis
710 3954 813 4002 Burnes
839 3953 938 4002 Reisen
960 3953 987 4002 in
1009 3955 1101 4004 Indien
1123 3957 1177 4016 und
1201 3949 1332 4018 Buchara,

400 4061 472 4098 vers.
488 4049 578 4099 Germ.
596 4048 668 4101 cort.
685 4050 707 4098 1.
724 4046 787 4098 180.
1305 4043 1313 4060 ⁸

350 4145 380 4199 Β)
398 4141 529 4192 Hammer
546 4139 737 4192 Gemdldesaci
754 4141 788 4190 Π.
805 4142 832 4189 9.
866 4141 896 4190 Si
911 4142 997 4194 voluit
1017 4141 1119 4192 clarum
1135 4139 1209 4190 illurn
1226 4139 1336 4190 Mahal-
