3042 4966
748 494 973 558 ..104-

360 672 422 736 ben
442 673 596 755 Zakarya
616 674 729 738 Ahbai
748 673 877 738 tradidit
903 675 935 738 in
957 691 997 736 aa
1018 691 1093 736 eoae
1120 672 1278 734 hominos-
1292 688 1352 732 uu-

360 778 435 860 tos,
468 796 601 861 quorum
627 797 751 862 sermo,
773 799 869 860 quum
896 780 1003 844 avium
1031 781 1131 842 instar
1159 775 1351 853 fritinniant¹‚

242 901 246 908 ·
359 906 421 949 non
451 887 664 970 intelligatur,
689 892 824 966 quatuor
845 884 1021 966 spithamas
1043 887 1175 968 longos,
1202 902 1259 965 pro
1283 881 1352 963 pilia

360 992 508 1076 lanugine
528 995 624 1056 rubra
653 1001 770 1076 tectos,
802 991 834 1052 in
856 990 1020 1054 arboribus
1041 992 1198 1054 viventes.
1219 992 1269 1053 toi
1288 989 1353 1051 rhi-

310 1103 497 1168 53noceros
518 1109 551 1162 et
580 1100 685 1162 bubali
708 1100 777 1161 sine
804 1097 917 1162 caudis
943 1098 1162 1182 inveniuntui,
1202 1108 1235 1161 et
1260 1116 1354 1181 gem-

359 1227 479 1270 marum
500 1215 534 1268 et
548 1214 738 1287 aromatum,
765 1210 916 1284 quantum
935 1206 1093 1268 numerari
1112 1206 1237 1286 nequit3
1260 1206 1355 1267 etiam

359 1318 491 1380 arbores
513 1316 705 1396 camphorae
725 1325 758 1377 et
780 1314 899 1378 arundo
916 1315 1001 1378 sarta
1021 1324 1055 1377 et
1068 1315 1240 1398 brasilium,
1263 1315 1355 1376 cuius

359 1421 488 1484 frondes
508 1421 680 1484 remedium
700 1423 817 1484 veneni
838 1420 983 1502 aspidum
1003 1429 1096 1502 aunt,
1129 1419 1254 1483 fructus
1286 1421 1356 1482 siti-

359 1535 496 1609 quaeat
523 1545 639 1607 sapore
665 1526 906 1608 colocynthidas
928 1523 1101 1608 aequant.²
1126 1527 1183 1588 Ihn
1205 1525 1354 1608 numm,
1479 1555 1482 1564 2

359 1634 516 1715 homines,
538 1633 647 1714 inquit,
679 1634 711 1694 in
740 1652 779 1694 ea
807 1641 881 1694 sunt
906 1633 982 1696 nudi
1007 1651 1113 1694 mares
1140 1641 1174 1694 ct
1205 1634 1354 1714 feminae,

358 1741 430 1822 pilis
452 1739 599 1820 pudenda
630 1738 856 1820 detegentibus
885 1758 942 1819 per
969 1746 1071 1801 totum
1105 1755 1221 1819 corpus
1248 1739 1355 1818 obsiti3

357 1849 507 1928 populum
542 1863 748 1908 numerosum
782 1844 924 1908 efficiunt
960 1851 994 1906 et
1027 1844 1171 1907 arborum
1200 1845 1355 1908 fructibus

356 1960 542 2014 vescuntur.
569 1951 623 2013 At
643 1970 746 2013 naves
771 1951 1057 2031 praeteruehentes
1082 1952 1214 2014 veniunt
1240 1962 1355 2016 natan-
1416 2002 1420 2008 ,

359 2069 409 2122 tes
437 2077 513 2120 cum
540 2058 704 2121 celeritate
731 2058 822 2120 venti
850 2067 883 2119 et
907 2059 938 2118 in
968 2075 1023 2120 ore
1049 2057 1213 2122 ambarum
1241 2067 1356 2120 tenen·

358 2179 421 2250 tea,
443 2166 526 2249 quod
543 2185 599 2247 pro
620 2167 703 2229 ferro
724 2166 899 2230 venditant.

439 2276 566 2337 Insunt
594 2258 743 2335 zn'arn'.·³
788 2274 849 2333 Est
879 2290 997 2354 magna
1031 2273 1134 2336 insula
1161 2275 1192 2335 in
1220 2269 1355 2334 confinio

359 2381 506 2444 Sinarum
534 2377 574 2442 ad
603 2375 725 2438 Indiam
751 2377 970 2458 vergentium,
1008 2378 1039 2439 in
1068 2393 1132 2458 qua
1160 2378 1260 2440 multa
1281 2379 1357 2438 mira
1423 2396 1426 2400 ·

357 2496 433 2550 sunt
442 2495 475 2548 et
489 2501 623 2568 regnum
632 2483 782 2566 amplum,
792 2483 885 2544 cuius
893 2503 952 2545 rex
960 2485 1199 2564 potentissimus
1208 2469 1356 2564 Mahrig'
1429 2533 1434 2544 .

357 2602 502 2656 vocatur.
521 2589 728 2652 Muhammed
749 2591 810 2652 ben
832 2589 988 2671 Zakarya
1008 2589 1120 2653 Atrtzt
1140 2599 1246 2652 narrat
1267 2591 1356 2654 haec.

283 2755 286 2774 ,
357 2684 506 2778 blahrhg'
528 2697 632 2756 laeum
654 2693 763 2775 habet,
785 2693 816 2753 in
838 2711 932 2774 quem
953 2694 1092 2776 quotidie
1114 2695 1272 2757 ducentas
1294 2697 1356 2757 mi-

358 2823 418 2868 nas
438 2803 508 2866 auri
538 2802 569 2862 in
595 2801 820 2862 laterculorum
848 2800 981 2863 sormam
1010 2802 1074 2864 fusi
1102 2801 1243 2884 proiicit,
1286 2819 1356 2862 nam

355 2930 442 2993 aqua
464 2912 533 2972 eiua
554 2907 710 2970 aerarium
726 2912 787 2967 cst.
829 2903 957 2986 Pergit:
991 2905 1043 2966 Ex
1066 2906 1136 2965 eius
1165 2904 1356 2966 mirabilibus

358 3027 435 3079 aunt
456 3017 589 3078 arborea
612 3012 813 3092 camphorae,
845 3009 940 3072 valde
960 3027 1097 3092 magnae
1117 3009 1162 3074 ita
1178 3020 1213 3071 nt
1231 3019 1355 3070 centum

357 3119 501 3184 honines
521 3121 576 3182 vel
597 3119 669 3199 plus
698 3115 886 3176 obumbrare
914 3115 1047 3194 possint.
1088 3115 1273 3202 Perforatur
1299 3131 1355 3176 su-

356 3242 467 3309 prema
489 3223 593 3306 arbor,
614 3221 688 3282 iude
708 3219 836 3301 profluit
858 3219 1029 3299 camphora
1049 3215 1175 3299 liquid'm
1198 3237 1262 3300 qua
1282 3199 1355 3300 plu·-

357 3355 411 3400 rea
432 3332 582 3414 compleri
602 3338 740 3410 possunt
766 3327 948 3411 lagenarium
978 3338 1043 3390 tum
1072 3329 1198 3392 inferior
1223 3349 1300 3411 pars
1326 3331 1355 3391 iu

344 3441 463 3526 'media
489 3438 601 3500 arbore
630 3429 838 3516 transfigitur,
861 3433 943 3496 uude
964 3432 1136 3515 particulae
1167 3437 1355 3518 camphorae

358 3553 540 3629 decumum,
562 3563 645 3628 quae
665 3541 1361 3628 gummiarhoriaofficiunt,praeterid,quod‘

72 3733 77 3762 ³
376 3719 408 3815 it
426 3755 479 3803 Pro
494 3731 599 3833 5⁹¹²„
624 3735 687 3814 ΜΛ
704 3744 731 3793 tn
747 3742 808 3794 aut.
825 3745 882 3792 not.
900 3739 1002 3803 legitur
1012 3721 1195 3826 μύω-ΣΒ
1220 3727 1352 3816 vy&

422 3860 471 3926 qai
488 3858 643 3908 tardorum
658 3850 724 3902 coot
740 3847 847 3899 cimilia
864 3847 916 3896 ert.

373 3941 823 4021 a>stntttanaoetaeogn1tuh
841 3953 865 4002 p.
884 3939 941 3998 θα,
965 3937 1008 4001 qai
1024 3949 1075 3999 pro
1098 3932 1232 3987 vocabulo
1248 3936 1353 4025 herrico¹
1372 3922 1377 3930 ’
1426 3937 1430 3942 “
