3078 4964
577 553 784 616 ..35-

182 736 243 796 bns
267 735 530 818 Byzantinorum,
551 753 635 816 quos
654 735 749 798 etiam
770 735 811 798 de
839 736 996 800 industria
1017 739 1180 820 arcebunt,

184 844 409 904 cornmerciurn
429 844 623 906 imminutum
646 855 754 928 esset,
792 846 898 908 denuo
925 855 1030 908 tamen
1053 847 1184 910 iudicas

183 952 380 1033 navigationi
417 969 546 1031 operam
575 971 637 1012 non
665 951 793 1014 dedero.
837 943 972 1016 Frustra
1001 955 1097 1015 otiam
1124 957 1182 1016 lu-

181 1051 336 1121 stiniarins
359 1062 541 1138 imperator,
564 1067 600 1118 ut
621 1059 732 1118 Persis
748 1066 892 1138 noceret,
914 1059 1098 1121 Homeritas
1112 1077 1184 1120 ma-
1243 1096 1246 1103 ·

183 1167 226 1227 ris
247 1167 419 1248 Erythinoi
440 1167 569 1226 accolas
590 1182 779 1244 permovere
802 1163 934 1241 studuit,
956 1173 991 1226 ut
1015 1166 1076 1246 ipsi
1096 1185 1185 1226 mer-

183 1291 240 1335 ces
262 1293 304 1334 ex
325 1271 416 1333 India
436 1279 583 1351 paterent
604 1287 725 1351 easque
753 1269 795 1332 ad
822 1271 986 1333 Romanos
1015 1280 1183 1352 transpor-

182 1387 297 1460 tarent,
320 1396 401 1459 quos
412 1383 548 1437 conatus
560 1377 683 1437 Persae
695 1376 792 1438 facile
806 1375 847 1437 ad
863 1376 982 1436 irritum
994 1376 1183 1458 redegerat.

183 1488 263 1550 Eius
291 1484 462 1564 temporis,
506 1502 566 1565 quo
596 1484 723 1545 Arabes
752 1484 791 1544 ab
824 1484 1020 1545 institoribus
1047 1483 1184 1548 Graecis

184 1609 310 1654 merces
331 1589 459 1650 Indicas
480 1588 688 1669 accipiebant,
710 1573 852 1670 vestigia
873 1592 978 1673 aliqua
996 1592 1100 1654 adhuc
1122 1613 1184 1655 ex·
1210 1577 1216 1583 ”

184 1707 273 1762 stant
294 1699 324 1759 in
344 1697 464 1778 lingua,
487 1697 614 1756 uomina
636 1693 708 1755 dico
729 1715 834 1757 rorum
862 1697 1060 1783 indicarum,
1104 1706 1185 1781 quac

183 1805 310 1866 nonnisi
332 1821 374 1863 ex
396 1798 524 1862 Graeca
545 1801 649 1862 forma
670 1811 821 1883 corrupta
843 1821 918 1864 esse
939 1815 1084 1886 possunt.
1113 1809 1186 1868 Huc

184 1912 342 1992 pertinent
362 1905 520 1999 wflippro,
533 1924 674 1990 gemma,
697 1908 748 1968 cui
765 1907 1043 1972 hodienomenest
1056 1913 1186 1991 rubino,

186 2042 237 2095 cst
257 2019 434 2114 vidiliaco,
459 2052 520 2114 quo
544 2033 670 2116 nominc
692 2051 763 2093 cum
793 2034 855 2095 iam
885 2035 1044 2114 appeliant
1073 2037 1188 2098 Ptole-

185 2162 297 2207 maeus
321 2150 354 2203 ct
384 2141 522 2204 Cosmas
551 2129 784 2220 indopleusta⁵.
828 2141 949 2203 Eodem
977 2142 1071 2204 modo
1101 2152 1187 2242 3353

184 2267 310 2340 nonnisi
324 2286 365 2328 cx
383 2263 510 2327 Graeco
527 2267 687 2327 vocabulo
710 2253 934 2347 καρυόφυλλον
952 2265 1090 2328 derivari
1111 2276 1187 2346 pot-

184 2368 263 2436 est⁶.
304 2375 451 2436 Mutatus
473 2380 526 2433 est
547 2375 575 2434 is
597 2393 701 2434 rerum
722 2381 829 2436 status
850 2383 947 2457 tunc,
981 2391 1077 2456 quum
1099 2377 1187 2438 Ara-

124 2539 127 2544 .
180 2484 240 2544 bes
261 2501 352 2544 snum
374 2481 549 2544 conderent
570 2499 721 2562 regnum,
768 2501 809 2542 ex
832 2501 893 2560 quo
921 2488 1064 2562 tempore
1093 2501 1185 2543 com-

252 2716 329 2764 testis
348 2717 388 2762 est
404 2713 525 2761 Niebuhr
540 2712 623 2764 Atat.
641 2711 703 2764 306.
720 2713 756 2760 ct.
774 2709 855 2758 nerse
877 2711 900 2773 t,
923 2709 992 2758 θεὰ·
1055 2711 1087 2775 4)
1110 2713 1187 2760 Proc.
1236 2691 1239 2700 ¹

254 2805 316 2856 bell.
334 2807 408 2853 Pers.
426 2806 448 2865 1,
468 2804 509 2852 ld.
527 2800 573 2858 20.
606 2803 692 2854 Etiam
710 2802 823 2850 cosmas
840 2801 951 2864 pluries,
968 2805 1018 2852 scd
1045 2803 1130 2854 minus
1149 2804 1190 2854 di-

253 2896 340 2944 iucidc
358 2897 425 2942 hanc
441 2904 531 2943 rerum
550 2894 727 2944 conditionem
747 2893 853 2940 Iudicat.

204 2967 320 3050 tiPtol.
340 2987 402 3049 VH,
420 2986 447 3039 4.
483 2985 572 3036 cosm.
590 2999 615 3045 p.
633 2987 699 3038 336.
715 2983 737 3031 E
744 2997 752 3043 3
769 2982 837 3030 alios
857 2983 934 3030 locos
951 2981 1050 3031 indicat
1073 2983 1190 3039 Scirona.
1237 3039 1240 3049 Ι

254 3081 385 3130 Exercitt.
403 3080 469 3127 Plin.
487 3093 515 3139 p.
538 3081 593 3126 795
627 3077 661 3124 ef.
689 3075 753 3123 769.
777 3075 837 3126 779,
872 3075 913 3121 Ad
940 3086 1067 3136 graecum
1092 3089 1187 3124 sonum

253 3191 361 3252 propius
402 3190 533 3238 accedunt
574 3188 709 3236 Persicum
745 3165 853 3246 Miri
889 3185 1030 3245 syriacum
1062 3175 1188 3262 izimo,

252 3285 335 3352 (quod
352 3286 454 3348 legitur
474 3287 551 3334 Barh.
581 3285 683 3335 chron.
707 3297 770 3344 syr.
792 3298 818 3344 p.
843 3283 905 3332 130.
939 3285 1017 3345 Apud
1041 3284 1189 3334 castelium

256 3389 290 3425 ca
307 3376 394 3425 forma
411 3387 465 3422 non
485 3375 630 3437 invenitur,
648 3376 698 3424 scd
713 3359 831 3459 13.th
844 3371 960 3439 tantum)
985 3380 1013 3425 ct
1037 3377 1191 3426 Armenium

266 3474 432 3564 Jmifflrp
467 3483 539 3532 Mos.
572 3482 652 3530 iiiior.
676 3481 780 3542 Geogr.
812 3483 854 3529 ed.
876 3481 916 3529 St.
940 3481 1041 3529 Martia
1063 3481 1088 3528 in
1111 3473 1191 3526 Mem.

256 3593 317 3644 hist.
335 3595 362 3643 et
379 3603 475 3656 geogr.
493 3603 541 3641 sur
556 3587 703 3641 l’Armenic
719 3593 775 3644 vol.
793 3595 826 3644 11.
844 3607 871 3654 p.
898 3589 961 3654 sto,
987 3589 1028 3641 ubi
1049 3589 1118 3649 quod
1141 3590 1191 3635 ad-

256 3705 326 3754 ditur
349 3695 378 3758 it
401 3690 583 3784 hiltfridum
623 3707 731 3756 videtur
764 3706 858 3770 glossa
900 3715 962 3752 esse
996 3697 1189 3748 vocabulorum

267 3807 631 3912 tendantne

206 3930 235 3984 6)
253 3930 374 3980 Nominis
391 3931 485 3994 graeci
503 3933 582 3996 origo
593 3942 648 3982 nou
658 3929 751 3992 liquet,
767 3937 845 3988 quum
862 3929 985 3998 ᾱῐζιῆᾷυ
1002 3905 1074 3966 (iuml
1090 3903 1193 3953 alilhlw
1247 3975 1251 3980 Ι

256 4046 377 4101 traxere,
402 4041 549 4090 secundom
566 4039 718 4114 Wilsunem
736 4037 815 4086 aliam
832 4023 955 4081 arianen
980 4027 1110 4089 designet.
1145 4024 1195 4080 Of·

1378 751 1387 780 t
