3002 4962
312 599 840 702 ’,ψη-..4

136 794 302 874 sirnulant3
346 805 411 858 tum
453 798 495 860 illi
526 799 668 861 redeunt.
710 802 864 864 Narravit
898 802 954 862 lbn
985 800 1130 882 Alfaqih‚

136 905 239 977 virum
259 905 373 968 Indum
393 906 435 968 ad
455 907 571 969 idolum
592 910 725 970 venisse
746 909 1001 990 copitiimposita
1015 926 1132 970 corona
1176 979 1180 983 ,
1261 989 1262 994 ἵ

136 1029 156 1071 a
177 1011 453 1094 gossypio'faota·
465 1014 535 1094 pice
565 1015 641 1078 illita
669 1014 841 1098 digitisque
861 1014 1004 1076 similiter
1024 1011 1132 1095 tectis,

136 1129 171 1179 et
191 1117 249 1188 his,
263 1120 411 1181 accensis
434 1137 540 1184 coram
562 1121 645 1182 idolo
667 1129 805 1186 stantem
827 1120 1026 1182 combustum
1048 1137 1133 1182 esse.

137 1223 189 1284 Ad
223 1225 398 1287 Multauam
432 1226 584 1307 originem
614 1227 720 1286 retulit
746 1227 858 1288 Haruu
887 1225 948 1286 ben
975 1224 1132 1286 Abdallah

137 1335 239 1398 cliens
260 1335 388 1416 Alazdi,
411 1338 464 1416 qui
484 1346 580 1416 poeta
602 1345 635 1397 et
655 1337 705 1396 vir
725 1345 875 1398 strenuus
896 1331 978 1396 unt?
1004 1338 1040 1396 ln
1069 1336 1131 1396 ali·

138 1440 202 1520 quo
224 1442 372 1503 Indorum
394 1459 468 1503 cum
499 1443 659 1504 Muslimis
685 1443 769 1505 bello
795 1460 888 1504 nemo
919 1451 1029 1504 contra
1064 1443 1133 1504 elc-

138 1549 276 1628 phantos
298 1557 384 1628 stare
405 1547 523 1628 potuit3
545 1528 831 1626 proboscidi-euim
848 1565 959 1612 ensem
973 1547 1131 1630 alligave-

41 1683 46 1692 =
138 1663 209 1716 rant
232 1662 359 1716 acinum
382 1657 512 1744 longum
533 1671 678 1738 gravem,
701 1661 795 1736 quem
816 1654 855 1716 att
873 1652 1018 1716 dextram
1035 1663 1067 1716 et
1084 1656 1133 1715 si-

138 1760 271 1824 uistram
293 1762 550 1845 circumferebat,
571 1779 632 1825 uec
652 1773 759 1827 tamen
780 1757 939 1846 adversus
968 1761 1082 1824 milites
1103 1763 1135 1824 iu

140 1867 237 1928 dorso
259 1867 432 1929 insidentes
451 1867 588 1931 tollebat.
630 1871 741 1932 Harun
761 1879 867 1932 autern
892 1871 977 1938 saltu
1003 1871 1135 1932 celerri-

128 1995 193 2037 -rno
215 1976 311 2037 ictum
333 1977 460 2038 evitans
482 1978 615 2056 primum
636 1968 759 2056 pectori
780 1977 847 2038 cius
868 1976 1029 2060 adhaesit,
1065 1975 1136 2038 dein

141 2081 252 2143 dentes
274 2081 519 2163 comprehendit.
561 2083 728 2162 Elephanti
749 2091 864 2144 custos
886 2101 959 2143 eum
982 2080 1021 2146 do
1043 2090 1184 2184 tergo„

142 2204 325 2268 aggressus
345 2187 548 2250 vehementia
574 2189 710 2268 impetus
731 2207 840 2271 'paene
865 2189 1036 2272 fregisset,
1079 2187 1138 2250 sed
1190 2213 1192 2220 >
1240 2267 1244 2280 ι

81 2341 88 2353 .
141 2293 255 2352 Harun
276 2293 325 2353 vir
346 2292 497 2354 robustus
519 2301 552 2354 et
571 2293 743 2375 intrepidus
769 2293 898 2356 firmiter
919 2294 1064 2357 dentibus
1086 2295 1139 2355 in·

141 2398 236 2458 nixus
267 2406 335 2477 est,
378 2399 432 2478 qui
461 2398 600 2470 radicem
640 2417 754 2462 cavam
782 2401 915 2478 habeut,
947 2401 1048 2462 donec
1081 2417 1139 2461 eos

144 2504 317 2582 evelleret3
360 2503 451 2584 quod=
470 2504 612 2565 sentiens
642 2503 772 2582 elephas
800 2511 925 2584 tergum
955 2502 1042 2566 dedit
1066 2501 1140 2564 dum

144 2612 258 2675 dentes
278 2614 309 2672 in
330 2611 453 2673 Haruni
473 2611 616 2680 manibus
638 2627 793 2671 mansere.
834 2612 885 2670 Ea
904 2628 941 2670 rc
964 2608 1142 2671 effectaest

144 2719 292 2782 Indorum
324 2720 404 2802 fuga
432 2725 465 2778 et
495 2717 715 2778 Muslimorum
744 2714 887 2778 uictoria.
927 2715 983 2776 Eo
1014 2720 1142 2794 spectat

145 2829 208 2890 hoc
229 2827 353 2888 Haruni
374 2843 518 2888 carmen:

188 2935 377 3014 Acarcaaoo
398 2953 469 2994 eam
488 2951 560 2994 aum
589 2936 771 2996 constanter
798 2928 1003 3008 repulsurus,
1038 2943 1144 3005 qamt-

313 3061 408 3120 qaam
423 3044 491 3100 cias
508 3041 724 3117 proboscidem
735 3037 842 3113 alodio
855 3041 948 3096 acuto
962 3039 1142 3108 armarant,

190 3145 246 3208 Aa
263 3164 312 3206 rae
332 3149 437 3221 ipsam
456 3145 601 3204 locatas:
620 3145 677 3202 icit
697 3141 827 3219 elephas
841 3143 918 3214 msr',
939 3137 1024 3218 ferri
1034 3137 1145 3214 apha-

247 3257 260 3267 '
312 3253 387 3310 doro
409 3250 551 3324 canitia,
575 3252 712 3322 accariti,

193 3353 294 3432 Quem
314 3359 346 3414 ri
362 3372 487 3428 caecas,
511 3353 648 3413 illustria
669 3357 726 3412 tao
743 3355 880 3412 victoria
897 3352 959 3410 orii
970 3367 1050 3426 proc
1062 3351 1149 3408 omni

227 3445 232 3452 ⁴
314 3462 516 3541 pusillanimi
530 3460 679 3538 aloriano.

192 3569 240 3631 Ei
263 3576 432 3647 postquam
459 3585 567 3626 ensem
598 3568 633 3624 ia
660 3566 777 3623 cortice
803 3565 899 3640 quasi
922 3562 1037 3617 montio
1066 3571 1146 3614 con·

296 3662 1144 3752 apocr‘,aaairatilarcifalmcrrexinterotiiionabiam

199 3785 328 3845 Viribus
347 3799 469 3844 mmmc
488 3783 619 3840 nitentia
635 3778 762 3838 inhaesi
784 3776 908 3852 pectori
934 3778 967 3834 ci
984 3771 1058 3830 dom
1073 3784 1147 3828 aaa·
1222 3825 1229 3832 .

318 3891 382 3962 ciii,
406 3889 504 3968 terrai,
526 3863 647 3964 quanta
667 3879 857 3966 tenacitate!

155 4030 213 4039 ·-·····
223 4025 376 4038 ——a--a—

157 4083 289 4158 'ctunu
305 4094 366 4147 arm
385 4057 418 4146 oe
437 4104 471 4142 00
489 4088 588 4140 naen.
