3078 4964
761 553 1036 656 -16--¹

364 739 463 822 stirps
483 742 514 803 in
532 738 690 803 Maluina
710 739 800 821 petiit
817 736 958 822 asylum,
981 735 1064 802 uude
1087 736 1217 814 saepulo
1245 746 1358 816 quarto

364 847 487 916 deoimu
508 847 639 910 turbidis
659 847 853 929 temporibus
874 845 924 908 usi
952 863 1124 926 prorupere
1148 862 1189 912 ao
1214 861 1300 906 nova
1327 843 1359 904 in

366 955 478 1021 Sindia
497 975 598 1040 regna
620 952 811 1018 condidere.
841 951 1007 1018 M'Murde
1036 950 1187 1036 quidem²
1213 952 1356 1021 Indieum

306 1133 311 1144 ⁸
356 1051 481 1127 ¹Alorae
505 1083 617 1145 regem
646 1070 871 1126 eommemorat
900 1061 984 1124 Dillu
1019 1048 1125 1146 Rag'a
1151 1061 1358 1142 nominatum,

310 1148 315 1158 Ι
362 1192 458 1256 quem
485 1175 580 1236 certis
612 1171 652 1234 de
679 1172 850 1235 rationibus
871 1171 944 1232 abbi
964 1165 1025 1231 sibi
1053 1155 1247 1249 exponendis
1275 1187 1357 1232 anno

362 1275 425 1344 140
448 1280 527 1360 (ine.
547 1283 598 1348 24.
618 1281 695 1344 Mai.
707 1282 793 1358 ¹757)
811 1280 937 1343 vixisse
957 1279 1114 1366 affirmat,
1132 1278 1198 1342 -sed
1217 1275 1358 1360 hoe'per

361 1405 399 1450 se
417 1389 487 1449 veri
509 1408 570 1450 noo
592 1389 694 1451 simite
716 1407 755 1466 eo
775 1388 942 1472 refutatur,
965 1384 1051 1468 quod
1072 1387 1103 1448 in
1125 1375 1195 1450 ei'us
1218 1386 1351 1462 historia

360 1502 469 1574 partes
489 1495 558 1578 agit
577 1497 756 1577 negotiator
779 1493 885 1556 Arabs
908 1494 982 1580 Sais
999 1493 1116 1556 almulk
1131 1492 1255 1578 dietus,
1282 1512 1356 1556 nam

360 1601 423 1662 iam
444 1608 520 1662 tuno
539 1598 727 1682 negotiatori
746 1599 839 1661 alieni
860 1598 929 1670 tale
945 1617 1058 1702 nornen
1083 1598 1187 1660 fuisse
1209 1617 1230 1660 a
1250 1597 1355 1658 uomi-

360 1729 437 1772 num
457 1711 664 1774 Arabicorum
686 1711 806 1776 ratione
829 1708 987 1790 abhorret,
1010 1716 1043 1770 et
1063 1707 1222 1770 fictionem
1239 1706 1357 1788 arguit.

359 1815 513 1880 Publicus
534 1825 567 1878 et
587 1815 782 1879 domesticus
812 1814 941 1884 Sindiae
970 1815 1030 1878 flos
1043 1859 1083 1901 7
1087 1816 1148 1878 nisi
1175 1814 1355 1878 deminutus

359 1936 430 2011 est,
457 1928 636 2009 apristinis
657 1929 781 2002 inopiis
789 1925 830 1989 ad
850 1927 976 1988 Arabes
997 1928 1168 1988 translatus
1189 1933 1258 2006 est,
1302 1923 1355 2005 qui

358 2042 394 2096 ut
414 2051 467 2094 res
488 2033 551 2095 fert
572 2035 675 2095 omnia
697 2033 900 2113 oeerip'arunt.
922 2031 986 2110 Qui
1001 2031 1091 2111 primi
1105 2031 1153 2092 ibi.
1164 2029 1354 2121 domicilium

359 2141 565 2222 collocarunt,
587 2141 625 2202 iis
641 2141 751 2248 largus
773 2137 1149 2222 ag'er'nssiguatus'est3
1179 2139 1272 2201 etiam
1291 2156 1354 2218 po·
1433 2152 1437 2162 ’

358 2255 430 2310 stea
450 2249 567 2310 multi
558 2269 590 2308 m
606 2243 777 2329 provincie
795 2247 1008 2310 considebant.
1030 2248 1103 2309 Alia
1123 2248 1209 2310 haud
1227 2247 1354 2325 minima
1444 2301 1452 2324 ,

302 2437 305 2446 1
357 2353 446 2418 fundi
471 2374 547 2438 pars
576 2358 669 2419 tum
661 2375 730 2438 ipso
755 2357 997 2439 expugnationis
1017 2365 1178 2439 tempore,
1210 2365 1275 2424 tum
1296 2375 1352 2438 per

358 2462 419 2525 tria
439 2463 582 2544 proxima
610 2465 742 2527 saecula
767 2465 917 2526 institutis
949 2465 1049 2527 sooris
1075 2455 1289 2526 fundandis
1262 2481 1352 2526 eou-

356 2578 484 2651 sumpta
513 2579 581 2656 est,
622 2563 755 2653 quorum'
781 2572 872 2653 plura
898 2572 1066 2633 etiamnum
1094 2572 1252 2645 exstantia
1278 2569 1350 2632 inde

361 2677 514 2759 originem
543 2673 705 2738 deducunt
714 2671 733 2735 ³.
753 2741 755 2749 ,
775 2677 913 2738 Veteres
940 2677 1062 2739 ineolae
1096 2679 1235 2757 repressi
1264 2684 1349 2759 suot,

355 2787 388 2848 id
407 2787 494 2868 ‘quod
514 2787 576 2848 non
595 2786 761 2874 prohibuit,
785 2788 949 2868 quominus
972 2808 1081 2850 eorum
1102 2789 1209 2870 lingua
1230 2789 1348 2869 ubique

356 2893 532 2980 moneret&
574 2899 700 2962 Arabes
729 2909 854 2981 semper
881 2903 921 2963 ,ab
942 2901 981 2962 iis
1009 2921 1047 2964 se
1075 2903 1155 2963 satis
1183 2901 1349 2987 discerne-

328 3006 439 3068 'bant
480 3008 516 3068 ln
538 3015 652 3088 gentes
681 3026 738 3087 per
764 3007 891 3071 deserta
918 3011 1078 3092 vagantes
1099 3010 1238 3074 fortasse
1263 3029 1349 3072 nun-

356 3124 452 3196 quam
473 3115 637 3196 imperium
658 3117 844 3203 habuerunt)
868 3137 927 3180 nee
946 3119 1008 3180 nisi
1023 3139 1085 3199 pro
1114 3119 1260 3186 hostibus
1291 3137 1349 3180 eas

354 3230 538 3284 tractarunt.
561 3224 688 3304 ipsein
711 3223 819 3285 Sindia
841 3243 956 3286 servos
978 3224 1125 3288 Sindicos
1155 3244 1247 3306 quam
1275 3227 1350 3307 plu-

356 3329 452 3391 rimos
482 3323 656 3418 aluerunt⁵.
694 3327 836 3408 Fuerunt
857 3337 961 3392 tamen
984 3328 1024 3390 ad
1044 3330 1112 3391 Indi
1131 3331 1229 3411 ripam
1252 3331 1347 3402 etiam
1428 3399 1437 3422 ⁶
1505 3311 1506 3322 ἵ

353 3453 448 3518 reges
469 3434 630 3496 Arabibus
651 3455 724 3520 uon.
742 3435 866 3521 subditi,
888 3443 922 3496 nt
944 3454 1052 3497 eorum
1065 3437 1239 3517 ,praefecto
1266 3456 1347 3520 paee

354 3551 388 3605 et
407 3541 536 3606 foedere
557 3543 663 3604 iuneti.
682 3542 846 3604 Diseimus
868 3541 932 3606 boo
952 3563 993 3624 ex
1014 3545 1194 3606 narratione
1215 3545 1346 3608 'Phaba-

353 3643 427 3736 rii⁶7
464 3651 631 3714 Abdallam
652 3651 714 3714 ben
733 3650 938 3714 Mubammed
953 3653 1073 3720 Altam
1092 3674 1127 3716 re
1137 3656 1220 3718 male
1237 3665 1345 3740 gente,

362 3823 548 3836 -ι--...........

371 3925 400 3985 i)
415 3929 450 3978 ut.
462 3931 589 3982 Bornesii
608 3933 795 3983 commentatio
824 3935 857 3984 de
880 3930 982 3997 Sinnin,
1013 3937 1140 4022 excerpta
1166 3934 1193 3986 in
1215 3934 1345 3988 Ausleod.

420 4019 500 4074 1888
518 4027 573 4076 not.
593 4024 658 4081 roa.
688 4025 718 4091 2)
737 4039 798 4089 pag.
811 4027 862 4077 26.
880 4027 925 4078 28

369 4135 399 4194 8)
416 4133 585 4188 M’Murdol.
602 4139 620 4188 l.
633 4139 696 4190 237.
711 4140 775 4191 241.
819 4142 851 4202 4)
866 4143 915 4193 ibn
932 4144 1036 4208 Harrqal
1053 4159 1078 4208 p.
1096 4145 1141 4198 3³.
1186 4147 1217 4205 5)
1240 4141 1343 4211 Qanvi-
