3078 4964
760 571 866 622 ...yn
906 585 946 597 -

352 734 498 798 dubitans
521 739 591 799 lore
612 737 697 798 utin
718 736 858 816 reliquis,
880 738 933 818 qui
953 743 1136 816 sequentur,
1158 743 1225 797 tum
1246 734 1276 794 in
1297 733 1348 793 lo·
1409 708 1414 720 ¹

350 844 402 903 eis
425 843 592 926 eligendis,
613 853 681 905 turn
702 843 896 906 illustrandis
917 843 1287 923 et'l'uaeexspectationi
1316 851 1348 900 et

353 968 445 1012 meae
465 951 567 1030 ipsius
586 950 742 1012 voluntati
763 950 869 1032 magis
892 951 1100 1032 satisfaciam,
1123 968 1218 1031 quam
1238 950 1270 1011 in
1284 948 1346 1008 hcc

351 1057 489 1118 fortasse
510 1059 629 1119 factum
650 1065 709 1119 est.

432 1166 577 1226 Potior'es
597 1185 639 1226 ox
663 1165 870 1247 scriptoribus
891 1163 1039 1226 Arabicis
1060 1144 1227 1242 hucusque
1242 1159 1346 1236 editis,

349 1271 462 1350 quires
470 1271 596 1333 Indicas
604 1273 787 1354 tetigerunt,
797 1280 871 1333 ante
879 1269 1208 1333 breviterrecensebo.
1216 1269 1348 1329 Praeter

347 1395 452 1457 pauca
474 1397 523 1460 ea,
554 1397 658 1459 neque
686 1378 794 1460 magni
820 1377 967 1440 facienda
989 1395 1070 1459 quae
1091 1377 1121 1436 in
1144 1376 1347 1456 prolegome-

313 1549 318 1556 ,
348 1485 396 1544 nis
418 1483 486 1546 libri
524 1467 630 1546 Kalila'
656 1487 695 1546 ab
723 1485 781 1546 lbn
814 1483 1001 1564 Almuqaffa
1029 1483 1158 1563 scriptis
1186 1483 1346 1563 leguntur,

346 1594 556 1673 antiquissimi
578 1600 651 1653 sunt
671 1594 926 1676 peregrinaturos
948 1593 990 1653 illi
1012 1592 1086 1676 duo,
1115 1593 1196 1652 alter
1217 1608 1343 1670 anony-

345 1715 435 1778 mus,
479 1697 559 1758 alter
602 1698 676 1762 Abu
712 1698 797 1760 Zaid
836 1698 981 1760 Alhasan
1024 1697 1160 1758 Alsirali
1196 1705 1345 1780 vocatus,

328 1803 407 1882 (cf.
430 1822 460 1882 p.
481 1803 551 1880 74.)
576 1821 712 1884 quorum¹
734 1805 873 1865 libellum
899 1822 941 1864 ex
962 1801 1066 1884 unico,
1097 1803 1261 1883 quinctus
1283 1811 1343 1882 est,

345 1909 457 1971 codice
477 1909 649 1971 Parlsiensi
671 1908 796 1972 Gallice
826 1929 956 1971 versum
987 1909 1085 1971 edidit
1112 1908 1344 1976 Renaudctins‚

342 2018 405 2076 lroc
425 2015 529 2077 indice
550 2034 642 2098 usus,
665 2019 715 2078 eui
735 2037 849 2079 nomen
880 2035 973 2078 suurn
1001 2035 1064 2077 non
1093 2014 1228 2077 addidit:
1270 2015 1344 2076 An-

342 2123 646 2188 or'cnrresllelations
666 2127 722 2184 des
743 2125 841 2184 Indos
861 2127 951 2184 etde
971 2125 1115 2188 leobino
1134 2125 1173 2184 de
1186 2125 1274 2184 deus
1286 2133 1345 2182 'ro-

342 2249 485 2306 yapeurr
505 2231 741 2304 Mabometans,
766 2236 823 2310 qut
838 2253 862 2308 y
881 2231 1111 2290 atterentem
1132 2231 1162 2290 le
1182 2228 1344 2289 neuridme

342 2336 450 2416 siecle,
475 2339 629 2396 tradariter
650 2339 690 2396 de
717 2337 855 2398 {Arabe
883 2357 958 2396 accc
986 2340 1044 2397 des
1071 2354 1256 2415 remarqrres
1285 2357 1344 2396 serr

343 2447 390 2528 les
410 2448 607 2520 principatum
628 2442 768 2502 endroits
791 2444 829 2502 de
850 2463 904 2501 ces
925 2443 1086 2502 relations.
1115 2443 1222 2502 Parte.
1251 2443 1279 2500 1.
1302 2443 1341 2502 B.

344 2548 513 2622 Goipnard.
522 2547 621 2607 1718.
629 2547 662 2608 8.
669 2566 702 2624 p.
710 2545 873 2606 XXXIX
878 2547 961 2608 379.
970 2545 1201 2607 Annotationes
1209 2545 1342 2640 Berrau-

342 2651 418 2716 dctii
437 2672 468 2732 p.
491 2651 551 2713 125
571 2685 612 2696 —-
632 2649 695 2713 397
705 2668 789 2712 nunc
804 2659 892 2712 certe
914 2651 998 2713 haud
1018 2651 1126 2734 magni
1150 2652 1242 2732 pretii
1257 2659 1340 2712 sunt.

203 2791 206 2796 >
257 2804 261 2809 -
325 2759 440 2820 ¹hiber
461 2777 539 2836 prae
560 2758 630 2818 aliis
652 2755 714 2817 dici
743 2764 850 2835 potest
878 2776 940 2818 aaa
965 2764 1039 2838 fata
1060 2761 1218 2819 babuisse.
1267 2758 1340 2820 Pri-2

343 2881 429 2923 mum
451 2863 532 2922 enim
554 2861 712 2940 desultae,
735 2861 789 2940 qui
817 2863 848 2921 in
878 2861 966 2922 Sinis
995 2861 1156 2923 doctrinae
1177 2863 1339 2924 Christia-

326 2991 403 3032 nae
424 2969 650 3052 propagandae
673 2968 871 3046 studuerant,
895 2978 929 3029 et
949 2969 1018 3030 libri
1045 2967 1086 3031 de
1109 2970 1195 3032 Sinis
1226 2987 1339 3033 narra-

340 3079 426 3138 tione
448 3079 481 3137 et
501 3073 692 3138 Renaudotii
706 3073 1034 3136 animadversionibus
1057 3073 1182 3156 offensi,
1199 3079 1340 3138 auctori-

279 3219 280 3226 κ
339 3184 400 3246 bus
430 3182 525 3245 fidem
564 3190 736 3266 negarunt3
776 3183 976 3262 postmodum
1004 3185 1099 3247 etiam
1121 3177 1336 3267 suspicionem

337 3309 470 3354 movere
491 3291 597 3350 conati
617 3297 703 3370 sunt,
724 3296 824 3350 totum
845 3291 956 3350 librum
977 3311 997 3352 a
1010 3291 1337 3354 Renaudotiolictum

339 3413 422 3457 esse.
467 3393 557 3472 Quae
578 3395 719 3474 suspicio
741 3375 945 3474 summopore
966 3405 1061 3458 aucta
1084 3407 1144 3479 est,
1158 3418 1253 3480 quum
1277 3418 1336 3460 co·

339 3501 415 3576 dex,
438 3501 491 3578 qui
513 3517 531 3559 e
552 3497 743 3560 bibliotheca
767 3497 951 3562 Uclbertina
972 3502 1003 3563 in
1024 3505 1146 3584 regiam
1170 3507 1336 3588 migrave-

338 3613 399 3686 rat,
429 3620 583 3683 nusquam
620 3604 753 3665 inveniri
782 3614 914 3690 posset,
947 3607 1050 3670 donec
1080 3611 1207 3672 tandem
1239 3631 1258 3674 a
1285 3615 1335 3673 De

293 3763 294 3766 ,
338 3707 492 3790 Gcigner.
509 3707 657 3770 detectus
679 3717 740 3790 est,
763 3711 816 3790 qni
837 3707 878 3770 de
899 3727 938 3773 eo
959 3714 1063 3773 retulit
1079 3714 1109 3774 in
1118 3715 1193 3775 Not.
1201 3724 1233 3775 et
1243 3715 1335 3777 llxtr.

275 3886 277 3892 Ι
335 3819 363 3898 1,
388 3813 554 3876 ras-104
574 3813 616 3874 cf.
630 3813 736 3874 illem.
759 3813 945 3878 de‘l’Acad.
967 3816 1025 3880 des
1047 3821 1143 3880 lnscr.
1157 3821 1333 3904 xxxvii,

242 3981 245 3986 ,
335 3919 406 3981 477.
450 3917 635 3981 sedetiam
658 3924 780 4003 postea,
803 3929 837 3982 ut
858 3926 1009 4006 comperi,
1032 3923 1227 4006 per'aliquod
1248 3937 1334 3988 tem-

335 4046 406 4120 pus,
431 4045 525 4108 quum
548 4037 670 4108 essent,
692 4029 744 4109 qui
766 4031 834 4092 eius
857 4031 969 4092 edendi
993 4016 1156 4096 consilium
1179 4039 1332 4120 ceperint,
