3078 4964
552 509 816 608 ...ῃῇ

210 732 326 793 cultam
355 730 457 794 iirisse
486 729 628 803 scions,
665 745 745 808 qaos
765 727 807 789 ibi
833 729 1016 794 Alexander
1055 726 1208 814 trienni,

212 837 271 902 sed
306 837 379 900 sine
405 837 498 900 dnbio
533 835 761 918 persingulas
794 836 937 900 coleman
965 841 1011 900 *eo
1045 837 1219 907 deductos..

210 946 403 1028 Aborigines
432 944 515 1006 enim
541 961 601 1024 per
624 961 718 1005 omne
745 941 872 1024 teinpus
897 931 1083 1008 maximam
1104 955 1209 1012 terrae

210 1061 334 1134 partem
367 1053 511 1115 tenuisse
538 1051 701 1134 videntur,
730 1050 827 1114 unde
843 1052 939 1114 etiam
972 1055 1053 1116 inter
1084 1057 1212 1118 nomina

209 1160 360 1242 gentium,
385 1176 466 1241 quas
485 1157 608 1221 Plinius
639 1157 679 1220 ad
699 1157 811 1221 ludum
839 1158 994 1243 degentes
1022 1143 1111 1224 novit
1115 1208 1129 1248 7
1151 1164 1210 1228 vix

210 1282 307 1328 unum
327 1266 382 1326 vel
402 1266 536 1331 alterum
555 1265 750 1358 sanskritam
773 1265 926 1348 originem
952 1261 1103 1330 indicat⁶.
1124 1269 1211 1331 Fieri

211 1391 274 1435 non
294 1373 409 1453 potuit,
432 1371 718 1454 quinllrahmanoe
737 1373 841 1454 magis
854 1373 1021 1454 magisque
1043 1376 1211 1458 propagati

211 1489 340 1542 veteres
358 1479 487 1540 ‘incolas
507 1479 715 1562 repellerent,
743 1496 912 1560 quaeres,
935 1499 1029 1561 quum
1056 1485 1207 1562 paulatim
1271 1513 1273 1524 =

213 1594 252 1648 et·
266 1605 322 1667 per
343 1603 456 1668 pacem
477 1593 653 1668 gereretur,
675 1585 807 1646 historia
822 1585 978 1648 eominus
994 1585 1068 1668 ejus
1078 1569 1217 1652 servare

221 1737 432 1760 m

218 1855 245 1884 .·
277 1839 415 1904 mergent,
428 1837 481 1890 nrt.
496 1841 518 1890 1.
539 1837 601 1889 199.
634 1837 765 1900 Designat
786 1838 887 1888 Indiam
904 1838 1005 1904 ipsam,
1028 1839 1076 1888 sed
1097 1838 1211 1891 nominis
1275 1817 1277 1824 '

278 1931 348 1981 ratio
366 1927 564 1990 receptorem
588 1929 679 1991 liquet
713 1929 1001 1980 Interioremdndiam
1022 1928 1067 1994 ab
1093 1927 1212 1997 ἐνδοτερω

269 2020 364 2072 Ἴνδιαν
385 2022 529 2085 scriptores
551 2023 751 2073 ecclesiasticos
772 2024 899 2073 Arabiam
921 2025 1025 2084 felicem
1048 2027 1076 2080 et
1098 2024 1211 2074 Aethio-

275 2113 349 2178 piam
365 2113 503 2163 nominare
521 2116 642 2176 constat;
659 2117 730 2178 apud
747 2117 836 2176 Syros
853 2129 913 2166 eam
930 2115 1139 2179 appellationem
1156 2127 1211 2167 aon

278 2199 378 2268 inveni,
396 2213 485 2266 neque
498 2201 605 2254 aliunde
626 2208 777 2258 Assemano
802 2207 911 2270 cognita
934 2209 993 2256 erat
1017 2208 1052 2255 ol.
1074 2207 1137 2255 Bibl.
1162 2207 1209 2256 tir.

278 2294 327 2357 111,
344 2293 373 2358 b,
391 2294 472 2358 5692,
495 2293 545 2342 nisi
563 2305 598 2343 ex
620 2297 789 2346 narratione¹
805 2299 838 2346 de
866 2295 998 2358 martyrio
1016 2295 1212 2345 llonrcritarum

277 2411 383 2459 Assem.
399 2409 421 2456 1.
438 2411 501 2458 359.
518 2423 584 2475 sqq„
602 2410 630 2460 in
647 2421 699 2470 qua
716 2411 806 2464 exstat
823 2395 928 2480 iibens
958 2421 1055 2496 05:01,
1073 2414 1122 2460 sed
1151 2422 1211 2460 eam

189 2529 194 2540 ·
278 2535 314 2571 ex
331 2521 437 2572 Graeco
455 2535 563 2573 versam
580 2535 643 2572 esse
659 2523 739 2573 facile
765 2525 942 2575 demonstrari
964 2529 1062 2584 potest,
1095 2524 1210 2574 Aethio-

277 2625 325 2676 pes
342 2615 432 2666 tamen
449 2614 501 2664 iam
518 2614 545 2663 in
560 2611 699 2664 Pescbitlro
716 2614 774 2662 Indi
791 2617 927 2664 vocantur
950 2613 1073 2663 zl’aral.
1097 2613 1145 2677 21,
1165 2613 1211 2677 ld,

278 2709 306 2754 et
322 2703 441 2754 fortasse
457 2705 584 2755 Arabiam
600 2706 648 2756 vel
664 2706 830 2769 Aethiopiam
850 2708 890 2756 ita
908 2707 1027 2756 nominat
1044 2707 1210 2769 ltpbraenus

213 2851 216 2856 ,
278 2794 344 2858 Opp.
362 2797 426 2857 Syr.
446 2794 501 2844 466
516 2795 548 2844 D.
565 2796 749 2848 Barbebraeus
763 2798 821 2852 sine
841 2798 919 2850 dubio
934 2798 1140 2864 appellationem
1152 2797 1213 2848 bulo

278 2889 427 2952 oppositam
443 2887 574 2940 intellexit
592 2892 625 2970 de
642 2891 710 2958 ipsa,
728 2905 806 2956 quam
819 2905 870 2944 nos
883 2905 1017 2960 vocamus⁸
1028 2892 1119 2957 India,
1136 2891 1211 2942 cuius

278 2995 341 3032 usus
352 2982 474 3044 exempla
492 2985 638 3048 quaedam,
649 2985 697 3032 sed
715 2985 820 3034 rariora
837 2985 916 3034 etiam
934 2986 1005 3046 apud
1023 2959 1114 3046 patres
1131 2983 1212 3033 inve-

260 3074 394 3124 niuntur.
429 3073 575 3126 Gertobuc
595 3078 710 3138 pertinet
736 3077 815 3128 locos
834 3076 919 3127 Rufini
936 3077 949 3124 l
969 3077 995 3126 9.
1021 3075 1106 3124 Inter
1123 3085 1210 3140 quam

274 3167 390 3226 (indiam
411 3167 784 3234 citerioremiPartltiamque
800 3169 896 3218 media
913 3167 962 3216 sed
977 3167 1058 3230 lotape
1070 3166 1209 3217 interiore
1266 3223 1271 3230 ¹

211 3292 215 3296 -
279 3263 380 3312 tracta
393 3239 483 3311 indta
497 3260 624 3311 ulterior
639 3259 733 3325 tacet,
751 3259 851 3310 multis
867 3258 960 3309 acriis
976 3257 1083 3323 liapuis
1099 3259 1128 3308 et
1138 3269 1209 3322 pen·

279 3354 354 3405 tilnr
372 3353 513 3404 lectitata.
547 3353 674 3404 Similiter
690 3355 760 3416 apud
783 3353 850 3402 alios
871 3354 963 3413 patres
988 3350 1111 3411 usurpari
1134 3348 1211 3397 vide-

277 3452 321 3496 tur
337 3441 350 3510 ἢ
367 3441 461 3512 ἐσχάτη
471 3440 557 3508 'Irim
575 3445 624 3493 sed
647 3445 731 3494 minus
750 3448 854 3508 aperte,
873 3456 952 3505 quum
976 3451 1150 3504 quaecunque
1176 3438 1209 3485 de

277 3535 324 3586 illa
354 3537 466 3586 narrent
487 3537 530 3586 'ad
554 3535 681 3584 Arabiam
713 3535 858 3584 referende
884 3533 945 3584 sint.
980 3534 1058 3594 Apud
1086 3529 1210 3578 Cosmato

277 3639 328 3677 eae
356 3627 550 3690 appellationes
573 3626 625 3676 iam
645 3626 672 3675 in
698 3625 778 3675 alium
805 3604 924 3675 detritae
951 3628 1014 3673 sont
1041 3632 1174 3694 sensumr
1198 3602 1213 3682 ἦ

278 3721 382 3787 ἓσωτέρα
398 3717 478 3772 ”leda
504 3722 584 3772 ctiam
610 3720 714 3772 Indiam
746 3720 937 3793 complectitur.
967 3717 1019 3772 132
1043 3715 1076 3778 D,
1099 3713 1151 3766 137
1175 3714 1207 3771 l),

279 3813 332 3864 189
349 3815 385 3878 Δ,
402 3814 451 3866 178
467 3813 501 3877 Ε,
520 3795 575 3879 1337,
594 3813 624 3864 G.
638 3814 682 3878 le,
698 3812 742 3863 ubi
758 3809 782 3862 οἱ
797 3812 902 3878 ἐξωτέρω
916 3807 1082 3860 Melabariae
1104 3805 1210 3859 incolae

172 3947 174 3951 ,
279 3907 359 3967 sunt;
380 3905 428 3956 sed
445 3905 511 3953 haec
527 3916 561 3952 ex
573 3892 688 3954 Cosmae
706 3903 873 3966 geographia
892 3899 955 3948 sunt
981 3899 1153 3972 explicanda,
1178 3903 1211 3953 dc

279 4013 332 4062 qua
352 3999 488 4062 disputare
504 3999 545 4048 liic
565 3998 675 4061 longum
696 3997 745 4048 est.

229 4094 260 4158 d)
278 4093 339 4142 Arr.
355 4090 405 4156 Vl,
430 4091 473 4140 16.
507 4089 538 4154 d)
555 4089 621 4140 Plin.
640 4087 686 4142 Vl.
702 4088 748 4140 21.
763 4088 825 4139 ooll.
849 4087 961 4137 Lassen.
984 4087 1093 4151 Pentap.
1119 4103 1145 4150 p.
1167 4067 1211 4138 bt.
