3078 4964
210 702 261 764 leo
295 720 347 765 me
382 721 480 784 quum
514 703 645 780 (lethae
677 723 785 768 assam
821 709 852 769 in
886 725 974 769 usum
1005 724 1111 768 meum
1146 725 1210 768 uon

212 811 350 880 vertisse
383 811 557 894 lothulrlrrii
584 813 712 890 librum3
762 811 821 876 sed
849 823 926 876 tunc
954 812 995 874 de
1027 811 1207 893 llauqalide

209 917 332 980 edendo
351 916 490 980 noudum
505 917 673 1000 ¹cogitavi3
715 929 881 999 praeterea
902 919 1007 981 codex
1037 917 1208 980 (lotharius

211 1025 395 1104 plerumque
415 1027 541 1105 punctis
562 1005 734 1088 destitutus
756 1037 815 1088 est.

292 1131 474 1192 Abulladao
512 1132 621 1196 tabula
661 1129 771 1192 Indiae
806 1134 919 1195 iterum
955 1152 996 1193 ex
1025 1133 1210 1214 apographo

210 1237 412 1300 Vullersiano
432 1237 579 1300 codicum
606 1239 835 1304 Parisiensium
863 1239 926 1302 578
945 1239 1024 1322 (Α),
1053 1239 1116 1302 579
1144 1238 1231 1318 (Β)

209 1355 241 1408 et
259 1349 321 1410 587
342 1347 405 1426 (C)
427 1346 512 1409 edita
533 1356 592 1408 est.
635 1349 760 1428 Ubique
782 1349 898 1410 contuli
928 1347 1053 1412 Reiskii
1080 1349 1210 1409 versio·

208 1476 294 1537 nam,
314 1468 349 1518 ut
372 1457 444 1518 iude
467 1457 586 1519 codicis
610 1457 744 1520 Leidani
771 1457 836 1536 (L)
859 1457 1015 1519 lectiones
1056 1477 1209 1519 eruerem.

208 1563 503 1626 Reiskiumtamen
524 1563 608 1625 omni
641 1562 704 1623 lide
730 1561 815 1624 haud
844 1562 975 1646 dignum
1005 1577 1082 1624 asse
1104 1571 1136 1624 et
1157 1563 1209 1623 in·

208 1667 331 1730 tardum
353 1668 428 1750 quid
448 1687 565 1753 revera
578 1668 609 1728 in
623 1669 734 1730 codice
749 1679 894 1730 exstaret
915 1689 979 1732 non
1000 1671 1206 1752 observasse,

209 1772 363 1836 interdum
393 1773 541 1836 nonnulla
569 1775 737 1856 omissise,
770 1781 882 1836 auctor
910 1783 962 1836 ost
993 1774 1148 1837 Rinckius
1178 1775 1209 1833 iu

206 1879 402 1959 praefatione
423 1879 506 1940 libri:
537 1881 645 1942 Abull.
674 1880 757 1943 tabb.
786 1867 940 1962 quaedam
970 1900 1012 1942 ax
1039 1881 1109 1942 cod.
1136 1881 1208 1942 bibl.

208 1986 298 2048 haid.
319 1986 432 2048 editae.
453 1988 529 2068 [Aps.
560 1988 637 2050 1791

290 2119 399 2178 Locos
421 2137 440 2177 c
464 2117 613 2196 Qazvinii
633 2120 737 2180 lexico
758 2097 977 2200 geographico
1002 2117 1130 2182 Gothae
1148 2117 1208 2179 do-

208 2225 320 2304 scripsi
343 2245 361 2284 e
387 2223 456 2284 cod.
485 2223 565 2300 2343
602 2225 696 2286 simul
725 2226 757 2286 iu
786 2243 880 2286 usum
909 2223 1035 2286 adhibui
1063 2223 1207 2286 eiusdem

210 2333 374 2412 scriptoris
407 2333 568 2405 historiam
599 2337 773 2396 naturalem
796 2333 1110 2422 cai'tssssdlss&
1136 2333 1208 2395 cod.
1276 2360 1286 2378 ·
1323 2317 1326 2328 ¹

211 2481 240 2522 n.
262 2457 332 2520 231.
355 2459 395 2520 ol.
419 2459 532 2520 Miillur
554 2459 657 2522 Catal.
679 2479 709 2537 p.
730 2456 782 2539 57,
804 2460 835 2518 in
858 2477 922 2539 qua
943 2458 1030 2518 multi
1057 2458 1145 2518 illius
1167 2457 1209 2518 li-

212 2566 256 2626 bri
278 2565 339 2626 loci
362 2549 484 2626 iisdem
504 2566 571 2626 iere
598 2564 706 2632 verbis
733 2562 884 2644 descripti
911 2569 1057 2641 exstant3
1102 2581 1144 2622 ox
1171 2581 1211 2623 ea

213 2673 307 2732 etiam
317 2671 396 2732 alios
414 2672 504 2731 locos
518 2671 639 2750 passim
652 2669 776 2750 protuli.
793 2667 1064 2730 [liberalissimam
1077 2674 1212 2748 utroque

213 2780 293 2841 libro
317 2778 425 2840 utendi
447 2779 583 2860 copiam,
606 2798 688 2858 quae
703 2779 773 2840 eius
788 2778 849 2840 viri
861 2786 911 2840 est
927 2778 1120 2855 humanitas,
1136 2777 1211 2839 mihi

211 2886 288 2946 lecit
311 2885 513 2948 Clarissimus
534 2887 766 2966 Menoeceus,
805 2885 866 2946 cui·
882 2893 950 2966 pro*
968 2886 1023 2949 tali
1054 2883 1208 2948 beneficio

212 2993 333 3073 gratias
356 3011 419 3072 ago
441 3012 534 3076 quam
563 2994 730 3054 maximas.
774 2993 888 3056 Solum
914 2991 1020 3054 locum
1046 2993 1139 3052 Hriad
1169 3010 1210 3056 ex

212 3099 322 3160 codice
346 3100 416 3159 bibl.
446 3099 493 3159 St.
524 3097 674 3165 German.
704 3099 744 3160 de
770 3099 878 3161 Pratis
905 3097 968 3160 397
996 3099 1213 3181 descripserat

211 3209 401 3270 Vullersius.
454 3207 606 3270 Continet
633 3211 661 3270 is
688 3209 800 3270 librum
821 3205 947 3304 0th
973 3208 1062 3289 qk&
1092 3205 1210 3268 inscri-

212 3343 311 3418 ptum,
334 3335 374 3395 de
395 3335 486 3395 euius
508 3352 579 3394 cum
602 3332 679 3393 libro
700 3331 786 3414 stult
811 3335 864 3425 ,ut
887 3331 1079 3411 cognatione
1107 3328 1209 3390 certi-

213 3475 268 3518 ora
290 3457 450 3519 desiderat
472 3457 601 3537 Saeyus
624 3455 699 3517 Chr.
722 3473 767 3514 ar.
789 3454 846 3534 ΙΙΙ,
868 3452 940 3533 447,
964 3471 1026 3534 qua
1048 3452 1089 3512 de
1111 3467 1212 3512 causa

212 3571 366 3631 lectiones
394 3569 557 3629 variantes
584 3585 695 3627 omnes
725 3562 862 3624 enotavi.
906 3560 983 3622 ludo
1013 3559 1209 3640 intelligitur,

213 3682 364 3755 quantum
386 3691 427 3732 ex
449 3691 511 3732 uno
541 3672 612 3731 loco
640 3668 708 3730 ficri
737 3675 862 3748 potest,
907 3665 1048 3726 codicem
1077 3679 1210 3741 prorsus

136 3789 145 3798 “
212 3781 294 3865 idem
317 3800 398 3861 opus
421 3783 593 3859 continere,
616 3775 675 3837 sed
695 3775 803 3837 multis
824 3771 947 3834 mendis
970 3779 1003 3831 et
1016 3769 1138 3830 lacunis
1158 3768 1210 3830 in-

212 3890 389 3970 quinatum3
411 3884 561 3964 imprimis
583 3899 710 3964 versus,
734 3881 787 3962 qui
808 3883 837 3959 p.
859 3875 901 3939 75
923 3882 1062 3958 exstant,
1094 3877 1211 3936 misere

211 3995 339 4056 lacerati
368 4001 450 4053 sunt.
495 3991 665 4051 Praeterea
696 3986 850 4049 interdum
879 3985 910 4043 in
946 3999 1036 4044 usum
1065 3983 1208 4043 criticum
