3002 4962
543 595 583 606 ..-
626 561 773 624 201·-

163 745 304 806 civitatis
329 747 453 807 incolae
479 743 588 808 omnes
610 765 652 808 ex
673 747 774 808 stellis
795 759 989 810 venerantur
1011 766 1066 812 cor
1086 751 1184 812 leo-³

126 913 132 922 ,
161 843 231 929 ὐἱές
269 851 386 917 habent
408 839 590 934 speculan,
634 853 665 914 i'n
693 836 756 934 qua'
789 863 875 916 astra
917 855 1090 916 observant
1124 863 1181 916 et‘

163 959 376 1018 astronomiae
402 963 447 1018 'et
479 957 616 1020 mathesi
650 975 777 1040 operam
799 960 890 1040 dant3
928 951 973 1022 ita
994 961 1024 1022 in
1044 945 1156 1023 eornm

161 1065 266 1127 indole
287 1065 453 1145 praevalet
471 1059 667 1144 inteliectos,
691 1052 742 1142 ut,
772 1067 801 1126 si
820 1085 940 1129 novum
969 1066 1084 1146 aliquid
1104 1069 1156 1127 in·
1165 1059 1207 1120 59

84 1168 88 1171 ’
160 1173 272 1234 venire
293 1173 411 1255 veiint,
441 1175 543 1234 animo
576 1191 701 1233 summa
729 1187 805 1232 cura
833 1162 864 1233 in
892 1170 923 1232 id
953 1173 1073 1232 intento
1094 1151 1157 1232 non

159 1274 319 1338 desistant
347 1284 518 1356 antequam
549 1277 711 1338 inventum
740 1276 795 1336 sit.
844 1277 917 1338 Rex
947 1295 1055 1337 eorum
1085 1275 1157 1337 olim

159 1382 254 1442 alicui
270 1381 466 1443 ⁴Chosroum
495 1383 575 1442 inter
600 1382 661 1441 alia
690 1378 771 1440 dona
801 1379 880 1441 duas
910 1382 1038 1442 misisse
1058 1381 1158 1442 fertur
1238 1387 1243 1404 '

147 1489 260 1550 'cistas
282 1489 420 1565 clausas,
446 1490 477 1550 in
499 1505 631 1568 quarum
652 1471 801 1568 utroque,¹
833 1503 925 1565 quum
947 1487 1158 1566 aperirentur,

158 1593 209 1655 vir
230 1583 327 1656 esset.
359 1594 551 1675 Interrogati
570 1579 699 1672 'quinam
720 1599 841 1673 essent,
861 1591 892 1650 hi
913 1591 1156 1670 responderunt:
1213 1657 1217 1662 ,

122 1778 125 1784 f
158 1707 219 1759 nos
245 1685 274 1758 si
301 1695 380 1778 'qnid
398 1697 564 1780 volumus,
593 1695 625 1756 io
653 1713 692 1754 co
718 1702 838 1756 tantum
866 1693 1041 1778 efficimus,
1072 1690 1156 1776 quod
1199 1713 1200 1716 ’

158 1795 362 1866 voluntatem
383 1813 527 1864 nostram
559 1803 589 1864 in
621 1801 652 1862 id
680 1802 852 1883 dirigimus.
904 1805 938 1864 io
970 1821 1031 1884 qno
1060 1801 1156 1865 tidem

158 1927 221 1969 non
241 1909 343 1990 nacti,
365 1909 452 1990 regi,
468 1908 621 1987 inquiunt.
644 1907 672 1969 si
691 1907 793 1968 hostis
815 1915 876 1988 est,
900 1909 953 1987 qui
972 1909 1078 1990 gladio
1099 1927 1155 1968 re·
1193 1961 1195 1966 .

158 2015 231 2097 polii
251 2016 373 2096 nequit,
395 2017 437 2096 is,
460 2005 624 2076 voluntate
645 2021 755 2075 nostra
777 2014 806 2088 in
827 2013 860 2074 id
883 2013 1014 2094 directa,
1036 2015 1156 2077 morie-

159 2132 217 2185 tur.
248 2124 330 2184 'l'um
347 2131 388 2185 'nt
409 2121 450 2184 de
469 2123 521 2186 sni
541 2124 681 2204 ipsorum
705 2106 806 2184 morte
827 2123 1017 2203 cogitarent3
1039 2131 1156 2203 postu·

159 2230 255 2292 latum
278 2236 340 2290 ert.
383 2229 632 2290 eonsentientes
652 2229 742 2290 fores
769 2220 870 2290 claudi
898 2231 1041 2310 iussere,
1071 2229 1156 2311 quod

135 2347 139 2352 ’
161 2335 215 2414 qui
236 2334 343 2395 fecere
355 2334 526 2396 redeuntes
545 2353 602 2396 eos
616 2333 678 2395 iam
696 2342 838 2395 mortuos
855 2335 1017 2417 invenere,
1039 2343 1155 2397 etcum

159 2436 352 2517 poenitentia
372 2439 539 2498 veritatem
561 2437 708 2517 promissi
729 2456 902 2518 agnovere.
935 2441 972 2499 In
993 2440 1056 2500 hac
1078 2441 1161 2502 urbe.

158 2545 250 2606 arbor'
278 2545 465 2608 cinnamomi
492 2546 661 2626 reperitur,
683 2561 767 2624 quae
797 2546 872 2606 iuris
895 2525 1075 2606 'communis
1105 2555 1155 2608 est

102 2730 107 2738 ,
157 2665 261 2732 neque
289 2651 320 2712 in
347 2642 543 2732 singulorum
576 2645 825 2731 possession0322
853 2652 977 2713 incolae
1006 2644 1154 2714 animalia

157 2774 219 2818 non
240 2757 402 2835 mactant,
432 2771 535 2835 neque
555 2741 663 2835 pisces
685 2755 798 2840 edunt,
823 2754 881 2818 ned
903 2757 1006 2819 tritico
1027 2767 1060 2822 et
1081 2753 1153 2820 ovis

156 2854 343 2924 vescuntur.
377 2865 382 2882 ²
640 2874 645 2881 ··
761 2881 765 2886 ·

241 2975 365 3036 rosum
395 2957 650 3052 oneratutm
673 2971 783 3033 insulis
816 2961 939 3052 mnrg'.
969 2971 1153 3053 propinqua.

157 3079 246 3141 Dixit
265 3079 323 3142 ibn
343 3067 491 3164 Aifaqih:
516 3079 598 3141 Eam
618 3078 760 3148 incolunt
777 3076 932 3161 homines,
945 3079 1077 3158 'quibus¹
1097 3094 1154 3139 era
1225 3097 1229 3101 ·

116 3169 117 3172 ¹
156 3185 280 3268 clypeis
311 3186 397 3248 corio
419 3185 577 3248 obductis
611 3185 726 3248 similia
759 3193 834 3246 sunt
869 3194 902 3245 et
933 3183 1034 3265 capilli
1068 3183 1154 3245 sicut

143 3290 280 3352 ‘modae
303 3307 455 3372 equorum
476 3291 726 3352 sarcinariorum.
768 3290 972 3366 Rhinoceros
993 3289 1076 3370 apud
1097 3305 1154 3350 eos

156 3397 317 3479 reperitur.
359 3399 456 3484 Mons
481 3399 643 3461 ininsula
671 3408 733 3483 est,
756 3399 795 3461 de
818 3419 879 3482 qno
908 3405 1004 3460 noctu
1023 3407 1181 3478 tomos-¹

155 3498 264 3564 norum
296 3521 397 3565 sonus
445 3512 480 3565 et
528 3507 647 3568 clamor
677 3506 823 3568 terribilis
863 3507 1002 3584 anditum
1048 3511 1153 3565 nauta

154 3605 387 3688 Antichristum
409 3609 441 3671 in
461 3607 643 3693 eadegere
664 3619 697 3672 et
710 3609 787 3672 inde
808 3611 963 3671 exiturum
978 3624 1055 3668 esse
1076 3624 1154 3686 per-

173 3889 203 3954 s)
218 3885 313 3936 omnio
329 3882 396 3936 haee
413 3885 514 3936 escen
530 3889 590 3938 tere
606 3887 696 3939 verbis
712 3889 739 3940 nr
759 3886 819 3939 trist.
842 3887 896 3938 nat.
920 3895 975 3946 cap.
998 3883 1032 3934 do
1054 3881 1149 3936 insulis

171 4026 183 4034 ,
221 3975 303 4028 marin
319 3975 401 4026 Indici
418 3978 534 4028 exstant.
649 3971 653 3980 '
826 3968 837 3983 '
911 3969 913 3976 ’
