3002 4962
174 709 188 746 '
331 729 366 782 ut
401 739 464 804 ego
495 722 660 785 oeoidorer
694 731 727 782 ot
757 721 883 784 tollerer
920 739 978 801 per
1012 721 1123 802 atium,
1157 737 1250 802 qnam
1281 715 1328 798 tob

330 828 392 888 iam
423 828 626 890 intentionem
647 827 820 908 perspexi3
842 845 883 887 ne
904 833 1011 890 autem
1032 828 1167 907 amplios
1187 823 1264 886 mihi
1282 827 1330 884 in-

331 931 430 992 sidias
450 935 566 1012 parea
650 957 654 978 ¹

414 1025 532 1100 sirion
557 1049 645 1103 terra
673 1040 782 1104 Indioa
808 1040 912 1104 modia
937 1043 969 1102 in
999 1041 1053 1102 via
1075 1022 1231 1101 Ominam
1255 1037 1332 1098 inter

333 1152 367 1206 et
383 1144 493 1207 ‚Sinas
518 1146 580 1208 site
612 1149 642 1207 in
677 1149 858 1209 continente
893 1149 953 1210 sub
985 1149 1069 1236 linea
1098 1129 1331 1240 aeq'uinootiaIi7

333 1249 417 1312 undo
446 1251 550 1314 medio
579 1252 630 1314 die
658 1255 732 1316 nulli
763 1255 888 1336 corpori
916 1254 1021 1335 atique
1049 1260 1192 1330 remanet
1211 1252 1331 1329 umbra,

333 1355 439 1418 Mults
457 1357 489 1416 in
511 1375 551 1419 ea
571 1358 731 1439 plantatur
751 1359 871 1421 arundo
893 1359 987 1442 serta,
1012 1375 1081 1440 quta
1103 1354 1176 1420 indo
1197 1358 1228 1418 in
1255 1357 1331 1418 reii-

334 1479 415 1542 quaa
436 1469 542 1524 terres
562 1473 758 1545 exportatur.

414 1558 577 1632 Kns.a'rr.¹
600 1572 736 1635 Abdaila
757 1573 818 1635 ben
833 1573 912 1634 Amr
925 1573 987 1633 ben
1003 1569 1090 1650 Alte
1104 1567 1248 1629 tradidit:
1269 1567 1330 1628 liat

332 1673 416 1734 haee
436 1683 521 1737 terre
535 1676 656 1740 Indiam
669 1680 750 1741 inter
772 1688 805 1741 et
822 1679 918 1741 Sinas
945 1685 978 1742 et
1000 1675 1041 1740 ad
1066 1675 1218 1737 mirabilia
1239 1693 1334 1768 mun·
1469 1741 1470 1750 ¹

336 1778 369 1842 di
396 1783 542 1860 pertinet.
606 1786 696 1846 Anas
733 1785 775 1847 ibi
810 1793 861 1847 est
894 1803 996 1846 aenea
1028 1782 1138 1844 aeneis
1177 1779 1331 1842 oolnmnis

333 1885 454 1968 innixe,
479 1905 560 1967 quae
582 1889 610 1948 si
634 1889 757 1950 decimo
778 1889 899 1950 mensis
909 1888 1090 1950 Muharrem
1111 1885 1163 1948 dia
1183 1886 1254 1947 alas
1271 1903 1332 1945 ex-

333 1988 441 2066 pandit
462 1999 494 2051 et
515 1992 632 2054 notium
652 1994 805 2074 extendit,
830 2003 907 2056 tune
927 2011 1031 2075 aquae
1054 1992 1148 2074 eopia
1162 2000 1214 2053 est
1234 2009 1333 2074 sega-

339 2094 423 2159 tibua
446 2107 478 2160 et
500 2101 606 2179 peoori
627 2101 657 2162 in
680 2102 818 2164 futurum
844 2102 1019 2164 snifioiens.

281 1004 324 1067 58

607 2277 646 2374 'a'
684 2309 852 2374 elimate
879 2316 1072 2373 reorterio.
1171 2308 1173 2316 ’

418 2451 531 2527 Ana'm
554 2466 627 2526 urbs
648 2465 757 2528 Indica
778 2466 894 2545 templo
916 2465 1064 2548 insignis,
1085 2467 1117 2526 in
1137 2486 1199 2547 quo
1221 2464 1334 2526 idolum

335 2579 385 2632 ost
413 2572 589 2654 recubans,
634 2593 652 2634 e
687 2594 749 2655 quo
781 2585 870 2636 oerto
902 2583 1042 2654 tempore
1071 2593 1171 2636 sonus
1200 2571 1335 2634 stridens

333 2680 1336 2776 enitendumipsumsirnulereotumconspicitur.'l'unopretia

334 2789 409 2850 viiia
438 2799 470 2850 et
497 2774 688 2871 proventum
715 2795 844 2856 uberem
870 2815 927 2874 per
955 2814 1027 2856 erim
1056 2813 1174 2856 annum
1199 2792 1334 2872 indicat3

334 2886 453 2957 eontra
471 2897 670 2959 sterilitatem
692 2899 870 2982 signifieat,
893 2909 928 2961 ut
949 2899 1094 2960 homines
1115 2916 1273 2960 annonam
1294 2917 1334 2958 ex

335 3003 428 3064 terris
449 3005 579 3066 remotis
607 3025 712 3069 emere
741 3016 907 3089 cogantur.
951 3008 1043 3068 Haeo
1063 3005 1203 3069 narravit
1225 3009 1335 3068 euoto'r

334 3109 418 3170 Doni
438 3109 639 3174 Mirabilium.
1219 3190 1222 3200 .

419 3203 585 3280 G'A'e'nnr
625 3220 701 3283 urbs
741 3220 850 3281 Indioa
881 3219 1093 3282 munitissima
1131 3221 1162 3281 in
1204 3219 1335 3312 fastigio

334 3321 449 3382 montis
466 3323 509 3409 ita
523 3324 596 3402 sita,
610 3334 644 3386 ut
660 3317 811 3406 perseius
824 3307 951 3387 dimidia
966 3344 1064 3405 super
1078 3344 1166 3386 mare
1190 3324 1336 3389 emineat

333 3429 425 3491 Haeo
453 3448 516 3515 nna
545 3432 575 3490 in
610 3439 678 3492 tota
707 3431 796 3492 India
825 3432 898 3492 urbs
920 3433 960 3493 ab
982 3432 1167 3494 Alexandro
1189 3450 1252 3508 non
1275 3447 1335 3492 ao-

334 3549 431 3595 eesse
452 3532 574 3596 dieitur
610 3534 715 3595 Musir
736 3535 797 3597 ben
819 3533 973 3596 Muhaihii
994 3533 1206 3596 haeetradit:
1228 3533 1335 3594 Huius

334 3701 565 3736 unq-‘nnu-——u—

352 3833 382 3900 1)
396 3839 483 3888 Deest
499 3838 577 3888 loeus
595 3841 664 3900 apud
681 3834 816 3902 Bnqirium.

349 3922 381 3988 θ)
397 3922 477 3988 Quod
497 3927 567 3987 apud
592 3921 718 3988 monium
746 3929 849 3976 exstat:
882 3929 954 3983 nette
977 3923 1040 3975 ville
1066 3928 1108 3975 est
1128 3925 1195 3976 libre
1224 3923 1253 3974 et
1290 3927 1336 3976 n'a
1430 3981 1435 3986 .

399 4015 473 4077 point
490 4017 524 4065 de
540 4017 591 4080 roi,
609 4015 771 4080 autenticis
789 4022 835 4066 ent
852 4015 984 4066 versionis
1003 4015 1093 4066 vitium
1112 4018 1162 4064 ert:
