3078 4964
588 517 893 592 -re‘-.

199 712 253 782 iici
280 703 388 792 potest
395 756 407 795 ,
442 709 552 776 ludaei
572 710 665 779 eiam
689 728 727 774 eo
753 709 892 792 irrepere
913 711 1104 790 omiserunt3
1132 725 1205 773 rue-

203 827 364 882 morantur
387 817 502 898 cppida
523 835 649 898 quoque
671 816 711 878 ab
732 816 771 877 iis
792 816 872 878 solis
892 812 1059 880 habitata.⁵
1099 817 1203 880 Pere-

200 925 300 1008 grinis
322 932 411 986 certa
433 923 602 1006 privilegia
622 923 654 983 in
675 921 789 984 tabulis
811 923 920 984 aeneis
943 923 1102 1004 descripta
1115 942 1135 985 a
1149 942 1206 984 re-

200 1035 296 1118 gibus
327 1022 402 1096 «iata
428 1025 541 1112 sunt⁶;
570 1049 744 1112 eorumque
774 1032 819 1095 ita
847 1033 951 1093 crevit
978 1041 1142 1115 potestas,
1171 1040 1207 1094 ut

201 1140 289 1204 baud
309 1141 340 1202 in
362 1158 424 1205 nna
445 1141 522 1202 urbe
545 1137 716 1202 Christiani
744 1137 867 1218 regiam
887 1137 1075 1220 dignitatern
1102 1138 1207 1220 adipi·

200 1245 400 1312 sectentur]
420 1247 526 1309 Etiam
549 1246 650 1338 maius
670 1246 798 1308 Arabes
820 1255 934 1328 postea
960 1247 1105 1308 assecuti
1135 1254 1209 1308 sunt

203 1357 450 1434 incrementum
464 1355 694 1435 ¹maximopere
721 1371 831 1436 eorum
852 1371 1003 1414 numerus
1019 1364 1132 1414 anctus
1156 1362 1209 1416 est
1246 1361 1252 1378 '

203 1473 241 1526 et
275 1483 371 1546 quum
399 1470 581 1524 mercatura
616 1462 685 1524 iero
714 1468 781 1523 tota
801 1461 962 1522 incorum
983 1460 1129 1524 manibus
1151 1479 1209 1524 es-

201 1580 279 1650 set,
308 1569 376 1631 iieri
397 1586 459 1630 non
479 1569 602 1651 potuit,
624 1568 698 1648 quin
721 1584 870 1647 magnam
890 1567 957 1628 uim
978 1568 1009 1628 in
1030 1586 1083 1630 res
1104 1569 1211 1649 publi-

204 1695 267 1740 cas
293 1682 489 1736 exercerent.
542 1675 662 1736 Eorum
688 1674 901 1737 conditionem
934 1682 966 1735 et
1002 1692 1073 1738 cum
1099 1677 1215 1738 incolis·

207 1781 470 1846 consuetudinem
497 1779 650 1842 describit
669 1781 728 1844 Ibn
754 1773 947 1844 Buthutba⁸.
969 1783 1085 1864 Longe
1111 1783 1212 1862 pluri-

172 1961 179 1971 ,
207 1907 281 1952 mos
302 1907 344 1948 ex
357 1887 396 1946 iis
411 1884 515 1946 fuisse
536 1894 744 1968 mercatores,
767 1887 820 1966 qui
841 1887 873 1948 in
893 1888 1023 1950 urbibus
1048 1889 1212 1952 maritimis

211 1995 311 2056 vitam
333 1987 510 2078 degerent,
536 2000 678 2075 apparet.
700 1991 885 2056 Secundum
899 1990 1105 2056 Abulfudam⁹
1124 1994 1213 2056 multi

210 2125 449 2142 m

278 2215 355 2252 orum
388 2214 482 2252 errore
506 2202 577 2251 molo
602 2207 663 2253 ortu
685 2207 750 2262 esi.)
770 2205 813 2253 iio
836 2216 920 2268 usque
949 2204 1045 2255 venire
1068 2206 1106 2256 ait
1127 2217 1214 2257 naves

278 2293 438 2356 sinensium,
457 2294 528 2354 quod
546 2295 673 2344 convenit
691 2308 750 2344 cum
767 2296 815 2344 ibn
831 2297 906 2348 lietb.
924 2309 950 2358 p.
975 2297 1018 2349 13.
1038 2298 1140 2362 ripeta,
1171 2297 1217 2350 nbi

278 2396 304 2444 p.
325 2382 367 2433 ia.
386 2377 483 2432 Kdiunr
506 2383 674 2444 pronuntiari
696 2384 894 2445 praescribitur.
916 2387 982 2444 Inde
1005 2399 1024 2434 a
1045 2387 1217 2439 b'undaraina

280 2471 372 2531 plnres
391 2471 470 2521 urbes
486 2484 597 2532 prorsus
615 2473 738 2538 ignotas,
767 2476 796 2524 ut
813 2474 952 2526 Gernbtan
970 2477 1053 2543 alias,
1078 2486 1217 2531 enumerat

283 2561 385 2625 Geogn.
405 2564 438 2612 N'.
455 2577 480 2624 p.
497 2563 545 2615 ⁴7⁴.

232 2647 266 2706 4)
282 2648 386 2698 Nomen
404 2647 571 2696 Melabariae
593 2645 708 2695 Arabico
727 2650 769 2696 est
782 2629 876 2728 ,hala
893 2654 940 2698 aut
950 2634 1072 2732 pke-..⁹³¹³
1090 2652 1160 2712 quod
1171 2653 1219 2699 aui

278 2751 395 2807 Maiibdr
410 2755 588 2818 pronunciant
606 2757 667 2815 (ibn
682 2757 748 2806 nati
767 2758 830 2809 166.
852 2759 920 2824 Lee,
944 2757 987 2823 qui
1020 2761 1107 2812 editur
1126 2762 1221 2811 iaudat

283 2847 390 2896 lexicon
408 2847 481 2910 regis
499 2847 619 2904 Auduni)
638 2849 685 2895 ant
709 2843 843 2896 Mulciber
861 2849 921 2906 (ibn
945 2849 1020 2900 Butb.
1043 2863 1085 2914 ap.
1109 2850 1219 2924 ripeta.)

283 2939 328 2988 vei
352 2934 477 2987 Munibar
509 2939 582 2998 (cod.
605 2938 695 2987 Abuii.
721 2937 767 3002 Δ.)
796 2940 944 3018 ΡθιηκπιιιιιΙ
963 2939 1033 2988 bane
1056 2941 1221 3000 postremam

284 3029 455 3090 scriptionem
479 3029 685 3090 praeferendam
711 3040 773 3078 csse
795 3028 855 3079 vult
878 3027 977 3104 Fliigel
998 3029 1024 3078 in
1047 3030 1140 3080 Erscb.
1163 3021 1222 3080 B'n-

284 3115 355 3175 cycl.
385 3129 407 3165 s.
431 3127 457 3167 v.
488 3114 565 3161 Hind.
601 3114 716 3174 Saepius
732 3113 884 3163 Melabaria
907 3117 978 3177 apud
1006 3117 1111 3166 Arabes
1141 3118 1221 3167 etiam
1283 3182 1286 3194 Ι

283 3208 399 3293 ,itii-it
428 3207 489 3291 0314
508 3223 669 3284 appellatur.
1300 3273 1305 3281 ,

239 3325 275 3381 ὅ]
290 3325 325 3373 Ut
342 3317 529 3385 iinng'arlrurd
547 3307 687 3402 §555OE
710 3321 759 3369 ibn
780 3323 855 3375 Batia
879 3321 943 3372 174,
965 3323 1025 3380 10
1044 3325 1090 3374 uel
1113 3320 1226 3386 Kung'i-

282 3442 344 3494 irari
361 3430 434 3522 ἀί
450 3429 566 3526 0³⁶5
583 3440 619 3491 id.
631 3442 734 3503 opem,
747 3440 792 3490 11.
801 3439 890 3490 Alium
903 3441 1095 3522 tniemnrbem
1106 3455 1226 3493 comme-
1242 3501 1247 3508 p

289 3555 380 3601 morat
396 3551 486 3600 aonii.
505 3566 529 3612 p.
547 3551 594 3599 41.
893 3619 897 3626 ¹

195 3683 199 3690 ,
237 3645 269 3709 it)
288 3644 405 3705 copiose
424 3646 457 3692 de
476 3643 634 3706 iisttabulis,
657 3641 876 3706 quaemaximam
890 3649 996 3704 partem
1008 3643 1175 3707 interiorunt,
1193 3645 1228 3694 ci.
1248 3632 1251 3638 ’

286 3739 328 3786 La
343 3736 434 3786 crore
450 3735 569 3786 Histoire
586 3738 621 3785 du
639 3736 735 3788 christ.
754 3738 801 3786 des
816 3737 896 3786 indes
915 3751 940 3798 p.
965 3737 1021 3800 45,
1034 3735 1090 3797 agit
1102 3735 1228 3797 Tycirsen

292 3827 482 3878 Commentatt.
499 3838 556 3874 rec.
574 3826 648 3879 (idti.
662 3826 723 3884 uui⁴
741 3827 778 3880 V.
794 3826 855 3878 nist.
872 3825 935 3888 phil.
951 3839 977 3886 p.
998 3823 1043 3874 ia.

157 3899 160 3904 '
240 3917 271 3979 r)
291 3918 332 3966 na
350 3915 446 3966 orere.
464 3915 519 3966 nr.
537 3929 563 3976 μ.
582 3915 629 3966 es.
1102 3943 1104 3954 ·

238 4005 271 4060 8)
288 4015 315 4064 p·
344 4003 407 4054 too.
430 4015 470 4066 sq.
492 4002 559 4052 nee.
630 4007 663 4062 9)
686 4004 777 4058 Aodi.
799 4007 857 4055 ind.
881 4019 905 4065 p.
927 4003 974 4052 4³.
995 4003 1042 4055 42,

1063 4138 1088 4212 4
