3002 4962
552 532 825 649 —au-²

167 783 262 844 quem
284 765 368 826 ultra
387 762 540 826 circulum
563 767 827 847 aequinoctialem
857 769 952 830 situm
982 782 1056 827 esse
1082 785 1161 846 per-

165 869 286 953 hibent,
308 869 392 931 unde
412 887 499 930 mare
520 869 551 930 id
580 869 792 932 secumfert.
836 868 931 947 Quod
962 871 1069 932 virens
1102 871 1179 930 ab-·

168 987 294 1060 ruptum
316 965 347 1040 a
362 986 461 1040 vente
489 979 520 1039 in
547 973 1001 1061 septentrionem'advehitur,
1027 976 1162 1039 viridum

166 1093 274 1146 manet
296 1092 329 1145 et
349 1081 590 1146 Kamartinense
611 1084 798 1172 nominatur)
821 1091 930 1145 contra
944 1083 1029 1164 quod
1042 1082 1163 1145 aridum
1224 1140 1227 1144 ,

168 1170 313 1271 affertur,
334 1172 618 1271 estMandaiicum,
641 1207 764 1271 grave,¹
779 1187 927 1270 solidum,
949 1190 979 1250 in
991 1207 1074 1268 aqua
1084 1190 1164 1251 sub-

168 1293 286 1356 sidens.
328 1293 402 1356 Hoc
435 1294 531 1376 longe
560 1287 714 1374 optimum
739 1303 806 1376 est,
849 1296 929 1358 inter
956 1315 1067 1358 omnes
1096 1294 1165 1358 eius
1246 1327 1250 1334 ·

75 1429 80 1438 s
168 1403 307 1482 species.

253 1495 437 1589 Mnnqu'an
458 1507 535 1572 urbs
560 1487 800 1578 omnibusnota
821 1511 851 1570 in
864 1507 992 1594 Sindia,
1013 1509 1104 1572 bonis
1125 1503 1165 1570 a'-

167 1596 341 1678 bundans.-
363 1617 443 1677 Eam
475 1613 615 1699 condidit
629 1599 818 1703 ¹Abug'afar
837 1615 977 1699 Manqiu
1005 1617 1165 1679 secundus

168 1719 414 1798 Abbasidurum,
439 1720 521 1779 etin
544 1737 583 1782 eu
605 1701 759 1798 praefecti
786 1719 897 1782 sedem
928 1721 1056 1784 habent.
1085 1703 1183 1786 Cin?
1217 1789 1219 1796 ¹
1312 1785 1315 1792 ,

169 1828 254 1909 gitur
275 1825 404 1888 brachio
427 1827 528 1888 amnis
549 1827 688 1902 mihtin,
710 1828 741 1888 in
758 1823 853 1890 'cuius
875 1829 978 1891 medio
1007 1831 1091 1892 iacet
1115 1831 1167 1892 in-

170 1935 262 1994 sulae
282 1933 397 2013 instar3
436 1941 574 1994 vexatur
600 1943 706 1997 tamen
734 1945 826 1998 aestu
859 1945 891 1998 et
920 1937 1074 1998 culicibus
1100 1937 1168 2004 fre.-
1222 1958 1225 1965 ·

170 2041 347 2120 quentibus.
369 2041 442 2100 Duc
463 2039 504 2100 ibi
519 2040 643 2116 fructus
665 2049 750 2124 sunt,
773 2043 824 2122 qui
847 2043 876 2102 in
900 2043 982 2103 nulla
1006 2043 1065 2104 alia
1090 2044 1168 2104 urbe

170 2145 384 2225 inveniuntur,
421 2146 546 2222 limonia
573 2147 793 2229 magnitudine
827 2150 910 2209 mala
940 2149 1107 2230 aequantia
1136 2156 1169 2209 et

170 2252 306 2351 squatus,
327 2240 462 2334 nmbag'x
474 2239 630 2337 uocatus,
653 2258 735 2318 malo
753 2257 1026 2344 'persicossimiiis
1067 2256 1170 2318 Com-

171 2359 258 2424 muni
299 2359 459 2420 censensu
493 2359 615 2438 incqlae
649 2353 804 2439 nunquan]
840 2379 972 2422 servum
1006 2362 1170 2424 Sindicum

94 2449 97 2457 ¹
173 2473 283 2526 emunt
304 2465 366 2526 hac
388 2463 429 2524 de
450 2478 569 2523 causa:
602 2462 729 2525 Nobilis
751 2465 920 2544 aliquando
941 2465 1022 2525 inter
1043 2483 1101 2525 eos
1120 2465 1170 2525 vic

133 2629 135 2636 ,
173 2567 213 2629 de
233 2577 331 2649 gente
342 2566 507 2634 Muhallibi
525 2568 835 2647 puerum-Sindicum
850 2569 1060 2652 educaverat,
1078 2579 1221 2652 quem73

172 2683 344 2756 postquam
364 2674 464 2753 puber
488 2673 596 2735 factus
626 2675 688 2734 fuit
718 2675 820 2756 aliquo
850 2675 902 2736 die
929 2676 1012 2755 apud
1041 2696 1172 2740 uxorem

166 2765 265 2844 'suam
288 2780 494 2863 deprehendit
523 2787 556 2843 et
577 2785 740 2843 castravit.
782 2785 815 2844 Is
843 2781 886 2858 de,
913 2783 1003 2844 huius
1030 2783 1076 2845 rei
1103 2783 1173 2846 iure

176 2907 246 2952 cum
270 2891 394 2952 domino
416 2899 543 2952 certans
564 2890 647 2950 filios
664 2891 732 2951 eius
748 2889 827 2950 duos
842 2891 1012 2970 parvulum
1025 2889 1172 2971 alterum,

172 2997 309 3060 alterum
324 2995 560 3058 adolescentem
570 2995 653 3075 cepit
670 2995 739 3056 etin
751 2987 909 3057 summum
920 2995 1032 3056 domus
1049 3013 1172 3056 mutum

175 3103 256 3180 tulit,
279 3103 362 3166 unde
384 3103 509 3164 domino
531 3099 702 3184 aduocato,
724 3102 903 3182 perneun,
926 3103 1037 3182 inquit,
1059 3101 1173 3164 uisite

182 3285 418 3300 ffl—

244 3379 313 3427 hanc
329 3379 436 3426 tandem
454 3389 547 3426 verum
565 3377 707 3426 lec-tionem
725 3388 787 3425 esse
803 3375 893 3425 nullus
915 3375 1013 3428 dubito.
1048 3351 1174 3424 Ceterum
1272 3411 1278 3420 „

245 3470 304 3517 cod.
323 3465 402 3520 (ioth.
420 3467 453 3514 ad
471 3467 580 3514 verbnm
598 3463 731 3514 consentit
747 3465 807 3513 cuin
825 3465 866 3528 its,
884 3475 953 3526 quae
971 3477 1006 3514 ex
1023 3464 1083 3513 ced.
1100 3465 1175 3514 Var-
1243 3532 1246 3541 s

244 3569 334 3620 syanc
351 3571 376 3619 p.
393 3557 455 3609 478.
473 3557 601 3615 excerpta
613 3551 748 3616 leguntur.
807 3611 810 3618 ¹

196 3661 358 3732 8)Baq1iius
376 3657 557 3748 uastum.
573 3649 694 3713 Seetzen⁴
715 3659 742 3708 in
766 3659 849 3730 zach.
870 3660 984 3710 Munati.
1007 3659 1086 3708 Gerr.
1115 3660 1175 3722 XX,

247 3772 301 3825 ³10
318 3783 353 3821 ex
369 3783 506 3831 anonyme
523 3771 592 3819 libre
602 3766 785 3830 geographico
798 3747 989 3815 commemorat
997 3765 1088 3814 urbem
1095 3767 1177 3815 Man-

246 3861 359 3912 derukin
375 3861 402 3910 in
418 3861 551 3922 Yamana,
570 3860 603 3906 de
620 3868 673 3919 qua
690 3858 784 3905 eadem
801 3859 963 3920 narrantur,
980 3854 1028 3902 sed
1034 3867 1177 3916 perperam

193 3977 199 3982 ·
249 3958 278 4004 ut
295 3953 403 4002 videtur
419 3951 446 4000 iu
463 3949 589 3999 Arabiam
606 3947 774 3998 transtatam.
808 3947 849 3996 De
872 3942 1019 3995 Thabishin
1042 3949 1075 3996 cf.¹
1100 3949 1177 3996 Avia.

249 4065 277 4126 1,
303 4047 355 4115 ini.
371 4056 509 4106 flerbelct.
525 4068 548 4104 s.
565 4067 592 4107 v.
611 4055 745 4118 Spa-angel
763 4055 858 4104 (tescit.
878 4053 926 4102 der
943 4053 1000 4108 tint.
1021 4053 1044 4116 1,
1063 4047 1142 4104 256.ν
