3042 4966
300 714 335 770 at
355 706 538 787 plerumque
558 699 689 782 originis
709 699 869 768 Arabicae
889 707 945 760 aut
964 696 1120 764 Parsiana
1136 697 1168 760 in
1183 713 1298 780 emptis

301 813 344 894 mj
366 814 505 875 nentium
526 812 666 872 insertae
688 810 798 888 sunt!;
819 808 911 870 loeus
933 808 972 868 iis
993 806 1036 868 ad
1056 808 1217 870 arbitrium
1238 805 1299 869 da·

273 995 277 1006 .
302 927 356 980 tus
376 928 438 1001 est,
461 916 546 978 unde
567 915 703 978 omnium
726 915 936 995 narrationum
957 915 1039 974 inter
1059 931 1098 974 se
1111 932 1227 995 nexus,
1245 918 1298 995 qui

302 1026 375 1088 siue
396 1025 490 1086 dnbio
510 1025 541 1084 in
561 1024 707 1102 primario
735 1041 832 1102 opere
861 1021 931 1100 fuit,
960 1021 1077 1101 ubique
1107 1021 1298 1100 interruptus

301 1143 355 1196 est
375 1143 409 1195 et
428 1133 581 1194 hodierna
601 1132 747 1192 recensio
767 1148 882 1191 revera
902 1131 1027 1188 dbiectr'
1038 1131 1177 1190 menstra
1189 1136 1299 1206 poetae

302 1249 424 1303 tantum
445 1239 587 1318 praebet.
629 1237 682 1298 Ex
704 1227 847 1298 omnibus
871 1235 955 1296 libris
977 1253 1056 1295 mss.
1084 1227 1187 1296 adhue
1213 1236 1296 1296 notis

302 1350 407 1411 nullus
430 1355 530 1408 toturn
553 1363 633 1426 opus
654 1344 694 1407 ad
716 1343 810 1405 finem
832 1362 933 1424 usque
955 1344 1111 1421 eontinet3
1141 1339 1232 1405 ouius
1253 1345 1298 1404 rei

250 1489 254 1496 ,
299 1452 681 1517 muramonniieiofnisse
703 1451 795 1534 hano,
819 1450 903 1532 quod
919 1452 1115 1512 recensionis
1129 1450 1298 1513 hodiernae

303 1569 416 1624 auctor
437 1561 499 1622 iam
520 1579 582 1621 non
604 1560 739 1639 amplius
760 1562 916 1642 integrum
938 1563 1116 1642 exemplum
1132 1571 1206 1622 ante
1220 1581 1300 1623 oeu-

303 1667 353 1730 ios
372 1668 528 1742 habuerit,
551 1665 634 1728 unde
647 1645 749 1727 ⁸etiarn
771 1668 897 1728 facilius
919 1668 999 1728 aliae
1020 1668 1216 1730 narrationes
1226 1667 1298 1730 addi

302 1775 358 1838 vel
390 1774 488 1836 inseri
525 1781 703 1852 potuerunt.
747 1772 818 1850 Qua
851 1774 1035 1846 coniectura
1070 1793 1128 1852 per
1163 1793 1201 1836 se
1237 1795 1298 1835 nou

303 1881 499 1963 improbabili
520 1878 732 1960 respondetur
757 1881 853 1941 stiam
882 1880 922 1942 ad
945 1880 1045 1961 Saeyi
1068 1883 1296 1962 quaestionem,

305 2007 367 2071 quo
388 1997 543 2049 terrarum
563 1988 704 2067 reliquae
730 1987 804 2048 illae
832 2005 873 2048 ex
901 1988 985 2048 mille
1011 1989 1211 2051 ‘narrationes
1237 2009 1299 2050 ve-

303 2095 412 2158 norint.

353 2259 354 2264 ,
385 2208 479 2268 Alter
509 2205 598 2288 liber,
628 2225 722 2288 quem
744 2203 913 2266 Masridius
934 2205 1083 2277 nominat,
1114 2193 1226 2287 'l'aqlid
1255 2226 1299 2268 va

305 2313 436 2382 shtmts
453 2316 637 2398 inscriptus,
649 2315 724 2376 mihi
739 2327 869 2393 prorsus
880 2311 1009 2388 ignotus
1020 2319 1194 2392 ostroque
1204 2312 1299 2386 etiam

368 2600 423 2660 tur,
441 2594 485 2658 qui
501 2597 581 2646 etlam
592 2595 752 2657 apudlndos
764 2579 880 2657 puatuor
891 2592 1195 2658 tribubusaserlbuntur‚
1211 2595 1299 2660 albus,

370 2688 414 2750 qul
431 2690 474 2736 est
491 2687 707 2747 Bralrmanarunr,
726 2687 816 2749 ruber,
834 2689 920 2734 tlavus
937 2692 965 2735 et
982 2687 1125 2736 coeruleus
1143 2686 1300 2754 volturnus,

368 2776 462 2838 qulbus
480 2753 604 2834 deinceps
621 2773 740 2836 reliquae
758 2772 962 2836 distInguuutur.
980 2779 1015 2826 ef.
1033 2775 1298 2828 Wiltordrts.1tes.
1337 2777 1343 2782 “

368 2867 444 2932 vm,
463 2869 524 2918 816.
558 2868 672 2914 'l'antuur
695 2867 777 2928 igitur
802 2868 892 2926 abest,
922 2871 951 2915 ιιι
980 2869 1047 2916 baee
1069 2868 1193 2930 exempla
1214 2869 1298 2928 Saeyl

366 2955 505 3004 scientiam
521 2956 645 3018 probent,
664 2957 693 3002 ut
710 2955 747 3002 nil
764 2956 882 3015 apertius
898 2955 993 3004 librum
1012 2957 1045 3003 ab
1066 2957 1205 3006 ¹Arabibus
1227 2957 1297 3006 male

369 3058 430 3095 esse
447 3045 626 3094 adulteratum
643 3046 759 3106 prodere
776 3046 869 3107 possit.
892 3046 977 3095 Facili
994 3047 1103 3108 negotio
1121 3048 1188 3096 baee
1205 3060 1299 3096 exem·
1373 3083 1376 3090 .

341 3185 343 3190 ,
368 3137 423 3198 pla,
442 3147 511 3196 quae
527 3149 581 3186 uon
599 3138 741 3187 tacendum
755 3140 797 3184 est
811 3149 853 3184 me
865 3137 963 3184 debere
975 3138 1190 3186 commentationi
1203 3139 1299 3186 Selle-

368 3223 494 3282 aetianae
511 3235 593 3286 supra
608 3223 747 3288 laudatae,
764 3227 849 3282 multo
867 3227 983 3288 pluribus
1001 3228 1226 3289 augaripossunt.
1243 3229 1307 3276 lta-¹

369 3325 420 3373 que
438 3313 507 3362 male
523 3325 590 3364 suae
607 3315 647 3361 rei
663 3315 797 3364 consuluit
816 3317 934 3379 Saeyus,
952 3316 974 3364 si
996 3316 1032 3366 ait
1049 3327 1075 3374 p.
1092 3316 1137 3366 55.
1173 3315 1206 3364 st
1229 3329 1299 3363 trous

112 3404 114 3408 '
193 3426 195 3432 π
367 3416 386 3464 p
404 3404 523 3452 troueez
539 3405 696 3454 seulement
712 3419 767 3454 une
784 3405 904 3456 dioenirre
921 3408 955 3455 de
978 3407 1066 3456 truita
1089 3403 1295 3456 caractlrtstt-

367 3507 434 3560 ques
451 3495 480 3542 et
502 3493 723 3544 irrconteatulrtes
746 3495 794 3560 pua*
818 3509 852 3544 ne
874 3495 1007 3558 fluissent
1027 3497 1205 3558 apportante
1229 3490 1297 3560 pubi

329 3595 332 3602 ·
370 3585 475 3648 l’Imle,
494 3599 530 3634 ou
548 3579 567 3634 ἀ
585 3585 616 3634 lu
634 3585 724 3635 Perse
735 3588 804 3638 telle
815 3590 907 3652 (puelle
920 3587 993 3638 e‘tott
1005 3590 1096 3636 auant
1109 3589 1296 3651 t'islumr'ame,

364 3673 398 3739 je
419 3691 539 3728 consens
563 3669 582 3725 ci
605 3680 747 3728 admettre
772 3683 814 3728 lea
837 3678 979 3730 rre'sultots
1008 3681 1094 3746 pu'ora
1122 3695 1140 3730 a
1164 3679 1236 3732 tire's
1259 3681 1296 3730 du

296 3833 299 3840 Ι
369 3781 492 3832 persepe
510 3770 544 3817 de
561 3768 705 3821 Musoudi.
968 3767 970 3774 ’

324 3854 353 3913 l)
371 3853 457 3918 Quam
475 3859 601 3921 propensi
622 3861 648 3908 lri
670 3863 827 3909 narratores
849 3861 958 3928 ruerint,
980 3863 1059 3913 etlam
1082 3865 1211 3913 Arabicas
1233 3876 1299 3915 nar-

294 3958 300 3973 *
369 3945 489 4000 rationes
515 3965 607 4002 omnes
626 3956 660 4002 ad
683 3947 819 4002 Harbnuur
843 3957 870 4002 et
895 3929 1030 4007 G'afaruur
1053 3957 1211 4020 transferre,
1235 3956 1299 4004 nilril

368 4044 512 4107 enrantes,
541 4047 627 4092 utrnrn
651 4043 677 4092 id
699 4045 812 4106 qrradret
834 4043 1006 4110 neene‚.uno
1037 4045 1160 4106 exemplo
1187 4045 1298 4096 docebo.
