<?xml version="1.0" encoding="UTF-8"?>
<!DOCTYPE html PUBLIC "-//W3C//DTD XHTML 1.0 Transitional//EN"
    "http://www.w3.org/TR/xhtml1/DTD/xhtml1-transitional.dtd">
<html xmlns="http://www.w3.org/1999/xhtml" xml:lang="en" lang="en">
 <head>
  <title>
</title>
<meta http-equiv="Content-Type" content="text/html;charset=utf-8" />
  <meta name='ocr-system' content='tesseract 3.04.00' />
  <meta name='ocr-capabilities' content='ocr_page ocr_carea ocr_par ocr_line ocrx_word'/>
</head>
<body>
  <div class='ocr_page' id='page_1' title='image "./scriptorumarabu00algoog_0248.png"; bbox 0 0 3002 4962; ppageno 0'>
   <div class='ocr_carea' id='block_1_1' title="bbox 544 511 771 575">
    <p class='ocr_par' dir='ltr' id='par_1_1' title="bbox 544 511 771 575">
     <span class='ocr_line' id='line_1_1' title="bbox 544 511 771 575; baseline 0.013 -19"><span class='ocrx_word' id='word_1_1' title='bbox 544 511 771 575; x_wconf 60' lang='grc'>,223-</span> 
     </span>
    </p>
   </div>
   <div class='ocr_carea' id='block_1_2' title="bbox 165 694 1229 1850">
    <p class='ocr_par' dir='ltr' id='par_1_2' title="bbox 165 694 1229 1850">
     <span class='ocr_line' id='line_1_2' title="bbox 166 694 1163 779; baseline -0.006 -21"><span class='ocrx_word' id='word_1_2' title='bbox 166 701 281 779; x_wconf 79' lang='lat' dir='ltr'><strong>fuisse,</strong></span> <span class='ocrx_word' id='word_1_3' title='bbox 304 715 379 758; x_wconf 86' lang='lat' dir='ltr'><strong>esse</strong></span> <span class='ocrx_word' id='word_1_4' title='bbox 401 696 535 760; x_wconf 86' lang='lat' dir='ltr'><strong>inludia</strong></span> <span class='ocrx_word' id='word_1_5' title='bbox 556 705 694 758; x_wconf 88' lang='lat' dir='ltr'><strong>montem</strong></span> <span class='ocrx_word' id='word_1_6' title='bbox 714 696 808 776; x_wconf 86' lang='lat' dir='ltr'><strong>inque</strong></span> <span class='ocrx_word' id='word_1_7' title='bbox 830 714 868 758; x_wconf 87' lang='lat' dir='ltr'><strong>eo</strong></span> <span class='ocrx_word' id='word_1_8' title='bbox 889 696 1048 778; x_wconf 77' lang='lat' dir='ltr'><strong>arborem,</strong></span> <span class='ocrx_word' id='word_1_9' title='bbox 1072 694 1163 754; x_wconf 83' lang='lat' dir='ltr'><strong>ouius</strong></span> 
     </span>
     <span class='ocr_line' id='line_1_3' title="bbox 165 799 1166 878; baseline -0.006 -12"><span class='ocrx_word' id='word_1_10' title='bbox 165 804 288 866; x_wconf 81' lang='lat' dir='ltr'><strong>fruetus</strong></span> <span class='ocrx_word' id='word_1_11' title='bbox 308 805 460 869; x_wconf 87' lang='lat' dir='ltr'><strong>amissam</strong></span> <span class='ocrx_word' id='word_1_12' title='bbox 473 803 686 878; x_wconf 81' lang='lat' dir='ltr'><strong>restituerent</strong></span> <span class='ocrx_word' id='word_1_13' title='bbox 707 803 841 866; x_wconf 83' lang='lat' dir='ltr'><strong>mortuis</strong></span> <span class='ocrx_word' id='word_1_14' title='bbox 861 803 969 866; x_wconf 87' lang='lat' dir='ltr'><strong>vitam.</strong></span> <span class='ocrx_word' id='word_1_15' title='bbox 998 801 1073 864; x_wconf 75' lang='lat' dir='ltr'><strong>ltex</strong></span> <span class='ocrx_word' id='word_1_16' title='bbox 1101 799 1166 862; x_wconf 75' lang='lat' dir='ltr'><strong>ali-</strong></span> 
     </span>
     <span class='ocr_line' id='line_1_4' title="bbox 166 909 1162 994; baseline -0.003 -23"><span class='ocrx_word' id='word_1_17' title='bbox 166 929 258 992; x_wconf 87' lang='lat' dir='ltr'>quem</span> <span class='ocrx_word' id='word_1_18' title='bbox 285 911 316 970; x_wconf 91' lang='lat' dir='ltr'><strong>in</strong></span> <span class='ocrx_word' id='word_1_19' title='bbox 342 909 462 972; x_wconf 83' lang='lat' dir='ltr'><strong>Indiam</strong></span> <span class='ocrx_word' id='word_1_20' title='bbox 492 910 592 994; x_wconf 75' lang='lat' dir='ltr'><strong>misit,</strong></span> <span class='ocrx_word' id='word_1_21' title='bbox 629 911 686 990; x_wconf 82' lang='lat' dir='ltr'><strong>¹·.qui</strong></span> <span class='ocrx_word' id='word_1_22' title='bbox 715 911 783 972; x_wconf 88' lang='lat' dir='ltr'><strong>ains</strong></span> <span class='ocrx_word' id='word_1_23' title='bbox 807 909 966 972; x_wconf 86' lang='lat' dir='ltr'><strong>sermonis</strong></span> <span class='ocrx_word' id='word_1_24' title='bbox 993 909 1162 969; x_wconf 87' lang='lat' dir='ltr'><strong>veritatem</strong></span> 
     </span>
     <span class='ocr_line' id='line_1_5' title="bbox 167 997 1164 1100; baseline -0.005 -20"><span class='ocrx_word' id='word_1_25' title='bbox 167 1021 354 1100; x_wconf 77' lang='lat' dir='ltr'><strong>exploraret.</strong></span> <span class='ocrx_word' id='word_1_26' title='bbox 399 997 432 1079; x_wconf 75' lang='lat' dir='ltr'><strong>is</strong></span> <span class='ocrx_word' id='word_1_27' title='bbox 459 1019 490 1079; x_wconf 90' lang='lat' dir='ltr'><strong>in</strong></span> <span class='ocrx_word' id='word_1_28' title='bbox 517 999 643 1080; x_wconf 85' lang='lat' dir='ltr'><strong>Indiam</strong></span> <span class='ocrx_word' id='word_1_29' title='bbox 658 1020 907 1100; x_wconf 78' lang='lat' dir='ltr'><strong>profectusest,</strong></span> <span class='ocrx_word' id='word_1_30' title='bbox 930 1025 1069 1077; x_wconf 90' lang='lat' dir='ltr'><strong>montem</strong></span> <span class='ocrx_word' id='word_1_31' title='bbox 1086 1033 1164 1094; x_wconf 88' lang='lat' dir='ltr'><strong>per-</strong></span> 
     </span>
     <span class='ocr_line' id='line_1_6' title="bbox 168 1123 1166 1218; baseline -0.006 -29"><span class='ocrx_word' id='word_1_32' title='bbox 168 1138 316 1211; x_wconf 73' lang='lat' dir='ltr'><strong>ooutaus7</strong></span> <span class='ocrx_word' id='word_1_33' title='bbox 340 1127 443 1188; x_wconf 87' lang='lat' dir='ltr'><strong>donee</strong></span> <span class='ocrx_word' id='word_1_34' title='bbox 460 1127 717 1189; x_wconf 87' lang='lat' dir='ltr'><strong>adBrahmanam</strong></span> <span class='ocrx_word' id='word_1_35' title='bbox 733 1128 869 1218; x_wconf 63' lang='lat' dir='ltr'><strong>aliquem</strong></span> <span class='ocrx_word' id='word_1_36' title='bbox 891 1124 1091 1206; x_wconf 74' lang='lat' dir='ltr'><strong>perveniret,</strong></span> <span class='ocrx_word' id='word_1_37' title='bbox 1115 1123 1166 1202; x_wconf 90' lang='lat' dir='ltr'><strong>qui</strong></span> 
     </span>
     <span class='ocr_line' id='line_1_7' title="bbox 167 1233 1165 1316; baseline -0.005 -20"><span class='ocrx_word' id='word_1_38' title='bbox 167 1235 196 1296; x_wconf 83' lang='lat' dir='ltr'><strong>ei</strong></span> <span class='ocrx_word' id='word_1_39' title='bbox 216 1235 310 1296; x_wconf 87' lang='lat' dir='ltr'>dixit:</span> <span class='ocrx_word' id='word_1_40' title='bbox 353 1235 466 1296; x_wconf 86' lang='lat' dir='ltr'><strong>Sermo</strong></span> <span class='ocrx_word' id='word_1_41' title='bbox 487 1237 550 1296; x_wconf 87' lang='lat' dir='ltr'><strong>iste</strong></span> <span class='ocrx_word' id='word_1_42' title='bbox 571 1235 722 1316; x_wconf 87' lang='lat' dir='ltr'><strong>parabola</strong></span> <span class='ocrx_word' id='word_1_43' title='bbox 744 1253 762 1293; x_wconf 93' lang='lat' dir='ltr'><strong>e</strong></span> <span class='ocrx_word' id='word_1_44' title='bbox 791 1235 956 1296; x_wconf 84' lang='lat' dir='ltr'><strong>sententiis</strong></span> <span class='ocrx_word' id='word_1_45' title='bbox 985 1233 1165 1314; x_wconf 86' lang='lat' dir='ltr'><strong>sapientum</strong></span> 
     </span>
     <span class='ocr_line' id='line_1_8' title="bbox 168 1339 1165 1422; baseline -0.005 -21"><span class='ocrx_word' id='word_1_46' title='bbox 168 1349 241 1419; x_wconf 82' lang='lat' dir='ltr'><strong>est3</strong></span> <span class='ocrx_word' id='word_1_47' title='bbox 264 1361 320 1420; x_wconf 84' lang='lat' dir='ltr'><strong>per</strong></span> <span class='ocrx_word' id='word_1_48' title='bbox 336 1350 475 1402; x_wconf 87' lang='lat' dir='ltr'><strong>montem</strong></span> <span class='ocrx_word' id='word_1_49' title='bbox 483 1339 705 1421; x_wconf 85' lang='lat' dir='ltr'><strong>significarunt</strong></span> <span class='ocrx_word' id='word_1_50' title='bbox 717 1339 873 1409; x_wconf 87' lang='lat' dir='ltr'><strong>homiuem</strong></span> <span class='ocrx_word' id='word_1_51' title='bbox 883 1339 1022 1422; x_wconf 79' lang='lat' dir='ltr'><strong>doctum,</strong></span> <span class='ocrx_word' id='word_1_52' title='bbox 1038 1357 1096 1419; x_wconf 89' lang='lat' dir='ltr'><strong>per</strong></span> <span class='ocrx_word' id='word_1_53' title='bbox 1109 1356 1165 1397; x_wconf 89' lang='lat' dir='ltr'><strong>ar-</strong></span> 
     </span>
     <span class='ocr_line' id='line_1_9' title="bbox 166 1447 1229 1529; baseline -0.003 -19"><span class='ocrx_word' id='word_1_54' title='bbox 166 1451 276 1511; x_wconf 87' lang='lat' dir='ltr'><strong>borem</strong></span> <span class='ocrx_word' id='word_1_55' title='bbox 297 1449 367 1510; x_wconf 88' lang='lat' dir='ltr'><strong>eius</strong></span> <span class='ocrx_word' id='word_1_56' title='bbox 390 1449 581 1528; x_wconf 85' lang='lat' dir='ltr'><strong>doctrinam,</strong></span> <span class='ocrx_word' id='word_1_57' title='bbox 614 1467 673 1529; x_wconf 88' lang='lat' dir='ltr'><strong>per</strong></span> <span class='ocrx_word' id='word_1_58' title='bbox 692 1447 830 1510; x_wconf 81' lang='lat' dir='ltr'><strong>fructum</strong></span> <span class='ocrx_word' id='word_1_59' title='bbox 852 1451 1016 1511; x_wconf 87' lang='lat' dir='ltr'><strong>utilitatem</strong></span> <span class='ocrx_word' id='word_1_60' title='bbox 1045 1447 1166 1508; x_wconf 87' lang='lat' dir='ltr'><strong>doetri—</strong></span> <span class='ocrx_word' id='word_1_61' title='bbox 1226 1491 1229 1498; x_wconf 80' lang='lat'><em>,</em></span> 
     </span>
     <span class='ocr_line' id='line_1_10' title="bbox 167 1553 1166 1638; baseline -0.003 -22"><span class='ocrx_word' id='word_1_62' title='bbox 167 1574 229 1616; x_wconf 87' lang='lat' dir='ltr'><strong>uae</strong></span> <span class='ocrx_word' id='word_1_63' title='bbox 251 1555 334 1638; x_wconf 85' lang='lat' dir='ltr'><strong>eius,</strong></span> <span class='ocrx_word' id='word_1_64' title='bbox 356 1555 533 1634; x_wconf 84' lang='lat' dir='ltr'><strong>pervitam</strong></span> <span class='ocrx_word' id='word_1_65' title='bbox 554 1556 653 1617; x_wconf 88' lang='lat' dir='ltr'><strong>vitam</strong></span> <span class='ocrx_word' id='word_1_66' title='bbox 683 1553 915 1631; x_wconf 62' lang='lat' dir='ltr'><strong>muudituturi.</strong></span> <span class='ocrx_word' id='word_1_67' title='bbox 959 1553 1031 1632; x_wconf 83' lang='lat' dir='ltr'><strong>Quo</strong></span> <span class='ocrx_word' id='word_1_68' title='bbox 1059 1553 1166 1616; x_wconf 86' lang='lat' dir='ltr'><strong>audito</strong></span> 
     </span>
     <span class='ocr_line' id='line_1_11' title="bbox 169 1658 1167 1747; baseline -0.005 -22"><span class='ocrx_word' id='word_1_69' title='bbox 169 1662 345 1743; x_wconf 70' lang='lat' dir='ltr'><strong>chosroes,</strong></span> <span class='ocrx_word' id='word_1_70' title='bbox 368 1663 481 1744; x_wconf 79' lang='lat' dir='ltr'><strong>Vera,</strong></span> <span class='ocrx_word' id='word_1_71' title='bbox 524 1663 640 1747; x_wconf 83' lang='lat' dir='ltr'><strong>iuquit,</strong></span> <span class='ocrx_word' id='word_1_72' title='bbox 669 1660 782 1724; x_wconf 82' lang='lat' dir='ltr'><strong>doetus</strong></span> <span class='ocrx_word' id='word_1_73' title='bbox 803 1662 931 1744; x_wconf 83' lang='lat' dir='ltr'><strong>protulit</strong></span> <span class='ocrx_word' id='word_1_74' title='bbox 958 1658 1071 1740; x_wconf 83' lang='lat' dir='ltr'><strong>Indus3</strong></span> <span class='ocrx_word' id='word_1_75' title='bbox 1113 1678 1167 1721; x_wconf 86' lang='lat' dir='ltr'><strong>res</strong></span> 
     </span>
     <span class='ocr_line' id='line_1_12' title="bbox 169 1753 588 1850; baseline -0.005 -19"><span class='ocrx_word' id='word_1_76' title='bbox 169 1787 208 1831; x_wconf 83' lang='lat' dir='ltr'><strong>se</strong></span> <span class='ocrx_word' id='word_1_77' title='bbox 229 1768 339 1850; x_wconf 78' lang='lat' dir='ltr'><strong>habet,</strong></span> <span class='ocrx_word' id='word_1_78' title='bbox 363 1777 398 1829; x_wconf 91' lang='lat' dir='ltr'><strong>ut</strong></span> <span class='ocrx_word' id='word_1_79' title='bbox 419 1763 529 1832; x_wconf 83' lang='lat' dir='ltr'><strong>dixit³</strong></span> <span class='ocrx_word' id='word_1_80' title='bbox 584 1753 588 1758; x_wconf 41' lang='lat'>¹</span> 
     </span>
    </p>
   </div>
   <div class='ocr_carea' id='block_1_3' title="bbox 174 1957 387 1972">
    <p class='ocr_par' dir='ltr' id='par_1_3' title="bbox 174 1957 387 1972">
     <span class='ocr_line' id='line_1_13' title="bbox 174 1957 387 1972; baseline -0.028 0"><span class='ocrx_word' id='word_1_81' title='bbox 174 1957 387 1972; x_wconf 53' lang='grc' dir='ltr'><strong>ο--ρορ--ο</strong></span> 
     </span>
    </p>
   </div>
   <div class='ocr_carea' id='block_1_4' title="bbox 235 2109 1171 2632">
    <p class='ocr_par' dir='ltr' id='par_1_4' title="bbox 235 2109 1171 2632">
     <span class='ocr_line' id='line_1_14' title="bbox 237 2109 1170 2178; baseline -0.005 -16"><span class='ocrx_word' id='word_1_82' title='bbox 237 2114 318 2174; x_wconf 79' lang='lat' dir='ltr'><strong>paulo</strong></span> <span class='ocrx_word' id='word_1_83' title='bbox 328 2115 407 2162; x_wconf 87' lang='lat' dir='ltr'><strong>aliter</strong></span> <span class='ocrx_word' id='word_1_84' title='bbox 419 2127 500 2165; x_wconf 80' lang='lat' dir='ltr'><strong>versa</strong></span> <span class='ocrx_word' id='word_1_85' title='bbox 507 2147 518 2178; x_wconf 86' lang='lat'><strong><em>,</em></strong></span> <span class='ocrx_word' id='word_1_86' title='bbox 528 2116 565 2164; x_wconf 81' lang='lat' dir='ltr'><strong>ita</strong></span> <span class='ocrx_word' id='word_1_87' title='bbox 580 2120 609 2166; x_wconf 89' lang='lat' dir='ltr'><strong>nt</strong></span> <span class='ocrx_word' id='word_1_88' title='bbox 618 2117 716 2165; x_wconf 83' lang='lat' dir='ltr'><strong>arbore</strong></span> <span class='ocrx_word' id='word_1_89' title='bbox 730 2115 863 2165; x_wconf 86' lang='lat' dir='ltr'><strong>veltrarba</strong></span> <span class='ocrx_word' id='word_1_90' title='bbox 873 2113 930 2174; x_wconf 83' lang='lat' dir='ltr'><strong>ipse</strong></span> <span class='ocrx_word' id='word_1_91' title='bbox 942 2112 983 2162; x_wconf 86' lang='lat' dir='ltr'><strong>trio</strong></span> <span class='ocrx_word' id='word_1_92' title='bbox 991 2109 1170 2172; x_wconf 80' lang='lat' dir='ltr'><strong>iibersiguiti-</strong></span> 
     </span>
     <span class='ocr_line' id='line_1_15' title="bbox 236 2201 1170 2268; baseline 0 -16"><span class='ocrx_word' id='word_1_93' title='bbox 236 2207 323 2267; x_wconf 86' lang='lat' dir='ltr'><strong>cetur,</strong></span> <span class='ocrx_word' id='word_1_94' title='bbox 334 2204 540 2268; x_wconf 80' lang='lat' dir='ltr'><strong>legatusautom</strong></span> <span class='ocrx_word' id='word_1_95' title='bbox 553 2206 693 2266; x_wconf 84' lang='lat' dir='ltr'><strong>Barzuyetr</strong></span> <span class='ocrx_word' id='word_1_96' title='bbox 708 2205 751 2254; x_wconf 87' lang='lat' dir='ltr'><strong>sit.</strong></span> <span class='ocrx_word' id='word_1_97' title='bbox 761 2205 796 2256; x_wconf 83' lang='lat' dir='ltr'><strong>ef.</strong></span> <span class='ocrx_word' id='word_1_98' title='bbox 809 2205 915 2264; x_wconf 82' lang='lat' dir='ltr'><strong>saeyns</strong></span> <span class='ocrx_word' id='word_1_99' title='bbox 925 2201 982 2252; x_wconf 82' lang='lat' dir='ltr'><strong>cal.</strong></span> <span class='ocrx_word' id='word_1_100' title='bbox 996 2201 1170 2260; x_wconf 55' lang='lat' dir='ltr'><strong>enorat—</strong></span> 
     </span>
     <span class='ocr_line' id='line_1_16' title="bbox 240 2293 1171 2362; baseline -0.001 -21"><span class='ocrx_word' id='word_1_101' title='bbox 240 2293 284 2348; x_wconf 77' lang='lat'><strong>24.</strong></span> <span class='ocrx_word' id='word_1_102' title='bbox 295 2295 443 2342; x_wconf 77' lang='lat' dir='ltr'><strong>Fatendum</strong></span> <span class='ocrx_word' id='word_1_103' title='bbox 461 2298 551 2344; x_wconf 85' lang='lat' dir='ltr'><strong>tamen</strong></span> <span class='ocrx_word' id='word_1_104' title='bbox 569 2301 621 2360; x_wconf 80' lang='lat' dir='ltr'><strong>est,</strong></span> <span class='ocrx_word' id='word_1_105' title='bbox 635 2301 755 2362; x_wconf 86' lang='lat' dir='ltr'><strong>nostram</strong></span> <span class='ocrx_word' id='word_1_106' title='bbox 767 2297 876 2346; x_wconf 80' lang='lat' dir='ltr'><strong>fabulae</strong></span> <span class='ocrx_word' id='word_1_107' title='bbox 886 2296 1002 2343; x_wconf 84' lang='lat' dir='ltr'><strong>termam</strong></span> <span class='ocrx_word' id='word_1_108' title='bbox 1010 2306 1059 2356; x_wconf 79' lang='lat' dir='ltr'><strong>per</strong></span> <span class='ocrx_word' id='word_1_109' title='bbox 1069 2305 1101 2340; x_wconf 84' lang='lat' dir='ltr'><strong>se</strong></span> <span class='ocrx_word' id='word_1_110' title='bbox 1112 2305 1171 2340; x_wconf 86' lang='lat' dir='ltr'><strong>me-</strong></span> 
     </span>
     <span class='ocr_line' id='line_1_17' title="bbox 238 2383 1171 2454; baseline -0.003 -20"><span class='ocrx_word' id='word_1_111' title='bbox 238 2385 290 2434; x_wconf 88' lang='lat' dir='ltr'><strong>lius</strong></span> <span class='ocrx_word' id='word_1_112' title='bbox 307 2390 449 2448; x_wconf 79' lang='lat' dir='ltr'><strong>quadrare.</strong></span> <span class='ocrx_word' id='word_1_113' title='bbox 466 2388 565 2438; x_wconf 77' lang='lat' dir='ltr'><strong>Similis</strong></span> <span class='ocrx_word' id='word_1_114' title='bbox 583 2392 673 2439; x_wconf 82' lang='lat' dir='ltr'><strong>exstat</strong></span> <span class='ocrx_word' id='word_1_115' title='bbox 690 2391 761 2449; x_wconf 86' lang='lat' dir='ltr'><strong>apud</strong></span> <span class='ocrx_word' id='word_1_116' title='bbox 777 2387 943 2454; x_wconf 71' lang='lat' dir='ltr'><strong>Naorallnrn,</strong></span> <span class='ocrx_word' id='word_1_117' title='bbox 960 2385 1068 2434; x_wconf 83' lang='lat' dir='ltr'><strong>Kalilae</strong></span> <span class='ocrx_word' id='word_1_118' title='bbox 1086 2383 1171 2433; x_wconf 86' lang='lat' dir='ltr'><strong>iuter·</strong></span> 
     </span>
     <span class='ocr_line' id='line_1_18' title="bbox 235 2475 1170 2552; baseline -0.001 -28"><span class='ocrx_word' id='word_1_119' title='bbox 235 2480 349 2552; x_wconf 78' lang='lat' dir='ltr'><strong>preterii,</strong></span> <span class='ocrx_word' id='word_1_120' title='bbox 380 2482 450 2528; x_wconf 83' lang='lat' dir='ltr'><strong>unde</strong></span> <span class='ocrx_word' id='word_1_121' title='bbox 476 2484 605 2542; x_wconf 82' lang='lat' dir='ltr'><strong>excerpta</strong></span> <span class='ocrx_word' id='word_1_122' title='bbox 625 2480 726 2544; x_wconf 81' lang='lat' dir='ltr'><strong>legitur</strong></span> <span class='ocrx_word' id='word_1_123' title='bbox 742 2493 788 2542; x_wconf 82' lang='lat' dir='ltr'><strong>ap.</strong></span> <span class='ocrx_word' id='word_1_124' title='bbox 810 2482 930 2541; x_wconf 76' lang='lat' dir='ltr'><strong>Saoynm</strong></span> <span class='ocrx_word' id='word_1_125' title='bbox 954 2480 1022 2533; x_wconf 79' lang='lat' dir='ltr'><strong>Not.</strong></span> <span class='ocrx_word' id='word_1_126' title='bbox 1044 2477 1072 2524; x_wconf 87' lang='lat' dir='ltr'><strong>et</strong></span> <span class='ocrx_word' id='word_1_127' title='bbox 1093 2475 1170 2524; x_wconf 82' lang='lat' dir='ltr'><strong>Extr.</strong></span> 
     </span>
     <span class='ocr_line' id='line_1_19' title="bbox 242 2567 363 2632; baseline 0 -15"><span class='ocrx_word' id='word_1_128' title='bbox 242 2567 280 2632; x_wconf 80' lang='lat' dir='ltr'><strong>X,</strong></span> <span class='ocrx_word' id='word_1_129' title='bbox 300 2572 363 2622; x_wconf 80' lang='lat'><strong>108.</strong></span> 
     </span>
    </p>
   </div>
   <div class='ocr_carea' id='block_1_5' title="bbox 0 0 1521 4962">
    <p class='ocr_par' dir='ltr' id='par_1_5' title="bbox 0 0 1521 4962">
     <span class='ocr_line' id='line_1_20' title="bbox 0 0 1521 4962; baseline 0 0"><span class='ocrx_word' id='word_1_130' title='bbox 0 0 1521 4962; x_wconf 95' lang='lat' dir='ltr'><strong> </strong></span> 
     </span>
    </p>
   </div>
  </div>
 </body>
</html>
