3042 4966
736 529 966 590 ...154-

348 707 428 770 Amr
448 707 510 772 ben
530 709 616 774 Bahr
623 697 797 792 Aig'iiu‘t'h
819 711 930 774 iiirrum
951 710 993 776 de
1013 713 1348 798 iaetantiaNigrom

347 831 519 894 eorumque
540 832 612 886 oum
634 815 714 879 albis
736 819 942 880 contentione
961 820 1100 899 scripsit.
1225 837 1229 844 ’

429 921 513 984 ludi¹
538 941 650 1005 regern
671 925 730 986 sibi
751 935 921 1006 antequam
944 928 1223 1012 orradrageaimunr
1252 939 1344 994 eota·

345 1023 388 1086 tis
404 1042 526 1090 ‚annum
548 1027 654 1108 attigit
677 1047 739 1090 oon
760 1031 967 1092 constituunt.
996 1031 1108 1115 Reges
1130 1053 1240 1102 eorum
1262 1035 1346 1098 haud

345 1131 439 1197 facile
459 1132 594 1196 subditis
617 1151 657 1196 se
678 1141 870 1218 monstrant,
892 1137 951 1198 nisi
980 1139 1071 1200 certo‘
1097 1140 1232 1220 quadam
1264 1149 1355 1226 tamn¹

315 1227 429 1318 'poris
451 1239 555 1319 spatio
578 1239 607 1300 iu
629 1240 750 1320 vulgus
773 1248 859 1302 noto.
899 1243 1165 1324 inconspectum
1193 1245 1349 1326 prodeunt

341 1345 375 1411 in
394 1344 587 1408 subditorum
619 1347 776 1429 gratiam,
807 1365 879 1438 nam
910 1348 994 1428 apud
1023 1368 1103 1432 eos,
1120 1339 1124 1350 ¹
1139 1351 1222 1432 quod
1257 1353 1348 1432 pieta

342 1471 452 1534 regem
474 1451 623 1534 aspiciat,
647 1453 775 1518 violatio
798 1456 1001 1519 reverentiae
1023 1464 1057 1528 et
1077 1456 1250 1536 deuocatus
1273 1477 1346 1520 ma·-

343 1561 469 1624 iestatis
498 1560 640 1622 habetur.
683 1562 789 1624 Etiam
813 1581 964 1643 proceres
984 1583 1047 1625 non
1068 1564 1196 1645 intrant,
1220 1565 1283 1628 nisi
1306 1565 1346 1629 ad

343 1666 599 1749 interrogandum
630 1675 664 1729 et
694 1678 802 1754 certas
829 1668 1111 1734 administrationis
1141 1689 1259 1736 causas
1275 1689 1348 1746 ,cu-

344 1770 550 1854 randossi)
1288 1769 1292 1773 ’

296 1884 336 1947 17
426 1883 537 1963 Pergit
557 1879 758 1944 Masirdius⁷r
789 1885 826 1947 lu
849 1881 1006 1946 Saraudib
1027 1883 1149 1966 insuia,
1185 1882 1277 1944 cuius
1297 1881 1343 1942 roi

343 1992 413 2069 ipse
435 1987 527 2048 testis
548 1987 611 2066 fui,
632 2007 702 2069 rex,
725 1997 893 2070 postquam
921 1995 1066 2050 mortuus
1088 1997 1149 2071 est,
1167 2006 1265 2052 curru
1285 1987 1346 2076 hu-

344 2097 407 2158 mili
428 2097 538 2176 parvis
559 2098 637 2158 rotis
656 2097 741 2169 horno
762 2098 792 2158 in
814 2096 908 2158 finem
930 2098 1086 2163 instructo
1114 2083 1344 2176 ita‘imponitur

344 2215 378 2267 ut
399 2206 502 2266 crines
529 2224 626 2285 super
648 2213 763 2266 terram
784 2204 956 2268 trahantur.
977 2204 1123 2284 Femina,
1154 2222 1234 2284 quae
1264 2210 1338 2264 sco·
1408 2193 1412 2206 '

343 2330 403 2392 pas
424 2319 540 2392 portat,
563 2311 702 2391 requitur
715 2320 748 2394 et
763 2310 925 2390 pulverem
945 2312 975 2370 in
988 2310 1058 2372 eius
1077 2317 1173 2390 caput
1187 2325 1342 2391 spargens

343 2419 425 2481 haec
447 2419 638 2500 proclamat:
661 2418 717 2504 „0
731 2417 889 2500 homines,
902 2417 963 2494 ,hic
977 2415 1070 2488 uobis
1083 2416 1250 2495 imperavit
1265 2415 1342 2488 heri„

343 2527 404 2590 aad
424 2529 485 2592 iam
508 2546 653 2609 rognum,
676 2525 761 2610 quod
782 2527 812 2586 in
834 2543 895 2586 vos
915 2523 1035 2606 habuit,
1057 2525 1216 2604 praeteriit
1232 2532 1264 2585 et
1277 2525 1343 2604 ipse

343 2637 386 2700 ad
415 2637 498 2698 hanc
527 2655 622 2716 quam
652 2634 769 2696 videtis
796 2631 902 2694 mundi
932 2629 1167 2693 derelictionem
1194 2629 1343 2726 redactus

343 2754 404 2808 est.
426 2745 572 2824 Arrepsit
595 2744 731 2806 animam
753 2761 819 2805 sax
852 2741 964 2802 mortis
1000 2748 1034 2802 et
1066 2740 1154 2802 vitae
1175 2749 1342 2818 ‚aeternna

342 2853 396 2934 qui
416 2851 742 2938 nunquam‘moritur,
765 2848 848 2916 uode
876 2858 950 2928 post
977 2867 1048 2910 eum
1078 2869 1119 2910 na
1147 2848 1340 2930 decipiamini

342 2961 430 3022 vitae
444 2952 639 3022 desiderio.“
683 2951 817 3018 Serno³
833 2957 1004 3018 instituitur
1024 2956 1065 3018 ad
1080 2957 1225 3018 timorem
1239 2956 1340 3019 rniici-

342 3066 459 3128 endum
492 3072 525 3126 et
558 3065 780 3126 abstinentiam
824 3062 1125 3134 commendandam..
1165 3066 1214 3126 Eo
1250 3061 1342 3126 modo

344 3186 460 3249 corpus
482 3188 538 3250 per
569 3185 680 3230 omncs
706 3168 791 3229 urbia
822 3170 946 3248 plateas
973 3168 1236 3251 circumducitur,
1279 3178 1342 3232 tum
1458 3221 1462 3238 ,

342 3358 347 3366 ι
362 3352 557 3364 ———-—

286 3479 293 3496 “
345 3475 391 3546 ’1)
408 3479 449 3531 ct
472 3480 517 3530 lbn
545 3479 661 3530 nivardi
682 3492 708 3540 p.
731 3480 791 3534 190.
815 3481 892 3546 cyr,
919 3483 962 3546 qui
986 3482 1102 3532 tortasse
1119 3451 1186 3532 haec
1202 3481 1262 3544 ipsa
1284 3483 1344 3530 ante

412 3572 508 3623 oculos
525 3572 623 3622 habuit.
1162 3588 1165 3600 ¹

361 3693 391 3748 2)
409 3691 470 3738 uon
490 3688 584 3738 rnuoue
601 3688 651 3736 ero
668 3700 787 3750 monere,
805 3687 843 3736 urs
862 3665 952 3736 ieron
968 3685 1032 3735 oron
1047 3685 1201 3750 significari,
1218 3685 1344 3748 nutqoor

414 3779 458 3828 vci
477 3777 599 3841 superior
616 3776 728 3825 materia
752 3775 796 3824 vel
819 3775 897 3823 locus
922 3789 956 3823 ex
978 3776 1031 3826 alic
1053 3778 1122 3826 libro
1146 3779 1196 3826 huc
1219 3775 1344 3839 receptus

412 3872 447 3918 ad
465 3869 545 3918 tinem
562 3869 707 3930 perductus
727 3866 772 3930 sit,
797 3869 826 3914 et
848 3878 947 3914 novum
971 3867 1069 3928 aliquid
1093 3867 1242 3929 incipiatur.
1277 3868 1343 3915 Nam

415 3969 485 4019 quite
502 3957 701 4020 sequuntur-de
723 3953 861 4003 funeribus
882 3955 971 4018 regis,
998 3968 1051 4005 oon
1069 3952 1183 4006 Masridii
1205 3962 1286 4022 sunt,
1303 3937 1365 4018 qui*

414 4059 547 4110 nunquam
565 4045 850 4109 reprobarentur,
868 4047 915 4096 sed
939 4051 972 4098 ad
997 4048 1110 4100 verduni
1129 4048 1189 4099 iere
1211 4049 1344 4108 descripta
