3078 4964
706 549 894 612 ..23-

315 732 633 817 potuit'memcriam·
680 729 798 812 Neque
824 749 864 791 ea
889 730 997 812 populi
1024 729 1161 792 conditio
1187 737 1309 792 munte

318 849 370 903 est
389 859 489 923 regno
502 837 778 920 lndosoytharum,
801 838 854 916 qui
870 844 903 896 ot
919 837 1012 916 ipsia
1026 837 1121 898 victis
1139 854 1177 897 se
1189 835 1310 898 domari

317 957 352 1010 et
378 969 419 1010 ex
439 957 529 1028 parte
556 950 669 1010 saltem
687 945 730 1006 ari
750 945 934 1026 religionem
960 943 1121 1027 ludorum,
1156 945 1309 1026 imprimis

316 1056 359 1120 ad
381 1056 485 1148 §ivae
507 1059 635 1138 cultum,
658 1053 892 1116 accommodari
918 1055 1113 1135 pessimat,
1135 1055 1163 1116 si
1184 1054 1311 1135 quidem

274 1198 279 1212 ·
317 1166 422 1226 numia
443 1163 524 1226 fides
548 1171 614 1242 est3
642 1162 725 1225 idem
745 1161 777 1222 in
798 1162 887 1223 albos
910 1162 1056 1244 Hunnos,
1079 1162 1132 1241 qui
1153 1161 1309 1240 dicuntur,

291 1302 299 1316 κ
316 1271 427 1332 valere
447 1268 593 1348 videtur,
622 1287 694 1330 nam
715 1267 828 1348 ubique
842 1266 1082 1328 .Brabmanismi
1108 1275 1313 1330 monumenta

317 1378 498 1457 exstabant,
521 1387 616 1458 quum
642 1375 768 1438 Arabes
789 1374 985 1456 provinciam
1012 1373 1213 1454 subjicerent.
1261 1376 1313 1438 lta

317 1485 431 1548 Daibal
453 1484 542 1565 urbs,
563 1503 606 1546 ax
622 1485 754 1548 nominis
775 1485 968 1567 etymologia
982 1479 1173 1568 mandes
1194 1486 1311 1568 derisa,

318 1610 410 1672 locus
433 1608 566 1689 alicujus
588 1608 640 1671 dei
660 1610 864 1678 veneratione
886 1627 980 1671 sacer
999 1627 1039 1671 ac
1062 1611 1188 1672 celeber
1209 1610 1309 1672 fuisse

145 1789 148 1794 Ι
256 1793 258 1798 Ι
317 1715 470 1779 videtur¹.
512 1717 616 1778 Etiam
630 1725 741 1778 contra
754 1717 916 1796 religionis
929 1725 1011 1779 'suae
1026 1726 1198 1798 praecepta
1212 1719 1311 1779 Mus-

317 1825 382 1886 limi
404 1825 506 1886 eoacti
528 1832 626 1905 erant,
650 1825 737 1886 utin
760 1823 905 1886 Multina
922 1805 1012 1900 ¹urbo,
1031 1803 1135 1905 'quam
1148 1826 1310 1906 tenebant,

285 2003 288 2012 A
317 1931 818 2012 superstitionembrabmanicam
835 1951 897 1994 non
908 1934 1012 1994 solum
1026 1930 1088 1994 nbn
1098 1933 1324 2017 prohiberent.

317 2035 493 2098 sedetiam
520 2043 691 2098 tuerentur.
732 2038 779 2098 lbi
812 2035 929 2102 idoln'm
957 2040 1136 2124 colebatur,
1162 2041 1220 2104 abs
1249 2062 1311 2125 quo

317 2145 393 2208 urbs
415 2165 528 2208 nomen
550 2148 716 2228 accepisse
737 2130 843 2211 fertur.
864 2151 938 2212 uuit
958 2151 1055 2238 igitur
1074 2151 1211 2250 W
1230 2173 1312 2238 quae
1373 2141 1378 2146 ¹

252 2305 254 2316 =
318 2273 493 2338 seeundum
527 2260 710 2336 Wilsonem
744 2294 771 2336 s.
798 2295 832 2364 y.
861 2277 962 2339 forma
988 2279 1120 2362 Durgae
1148 2286 1208 2343 est.
1257 2279 1311 2340 Ad

319 2399 390 2446 cum
428 2379 543 2441 cultum
583 2379 779 2441 tolerandum
820 2388 886 2442 tum
926 2383 1005 2442 lucri
1045 2402 1088 2444 ex
1124 2390 1211 2446 tanto
1248 2383 1312 2443 ho-

318 2488 436 2550 minum
466 2505 622 2551 concursu
663 2487 799 2550 faciendi
832 2488 944 2570 studio*
970 2491 1093 2570 impulsi
1120 2500 1193 2554 sunt
1204 2536 1215 2573 7
1243 2501 1333 2556 tum·

320 2594 392 2676 qnia
414 2593 511 2656 ludos
533 2613 571 2656 se
592 2593 801 2656 debellaturos
824 2595 968 2688 simulato
991 2595 1313 2663 idolumdestruendi

320 2701 452 2764 oonsilio
476 2700 518 2762 ad
539 2700 674 2762 reditum
696 2721 883 2783 permovere
903 2711 1050 2780 poterant
1061 2700 1092 2782 ²)
1125 2703 1193 2767 Sed
1217 2705 1313 2768 etiam
1350 2688 1356 2700 ¹

319 2813 415 2894 longo
434 2822 522 2873 trans
543 2831 666 2873 amnem
694 2810 763 2873 Indi
794 2813 961 2892 propagati
988 2813 1124 2874 fuerunt.
1167 2814 1315 2878 Sandro-

319 2903 434 3002 coptus
452 2919 519 2999 jam
539 2938 672 3001 regnum
692 2941 750 3000 per
763 2921 973 2983 Arachosiam
994 2929 1026 2981 et
1041 2899 1230 2986 Gedrosiam
1251 2948 1313 2988 ex·
1368 2983 1373 2994 .

318 3026 420 3088 tendit
429 3023 452 3106 ³,
472 3026 584 3088 deinde
598 3025 752 3108 usquead
767 3027 915 3089 Antiochi
931 3026 1159 3108 expeditionem
1175 3031 1315 3095 Indicam

318 3151 349 3194 a.
370 3133 435 3196 206
462 3152 491 3196 a.
519 3131 594 3194 Chr.
622 3151 653 3192 n.
682 3132 865 3193 Prasiorum
896 3152 1029 3215 regnum
1057 3135 1097 3196 ad
1122 3135 1316 3202 ‘Caucasum

316 3241 470 3302 ¹continuo
497 3241 689 3320 pertinuisse
712 3241 869 3322 Polybius
890 3251 1001 3304 auctor
1023 3251 1093 3322 est‚·
1119 3243 1191 3306 inde
1219 3251 1315 3326 paulo

318 3355 393 3430 post
408 3366 428 3407 a
448 3346 627 3407 Bactrianis
648 3346 731 3427 pulsi
751 3339 867 3409 fueret
890 3348 972 3407 'l'um
993 3345 1050 3408 sub
1065 3339 1317 3429 regu'm'Bactri-

318 3459 546 3474 uua-ffl—

338 3496 450 3582 lplnde
467 3496 556 3548 elucet
578 3497 671 3547 melius
689 3499 769 3548 scribi
788 3489 876 3568 Μὰ,
895 3511 973 3560 quam
994 3486 1089 3566 ἅμ
1104 3484 1318 3570 (1¹¹⁰dfsfflluefl-

386 3585 428 3630 ter
445 3583 588 3632 invenitur.
621 3582 694 3632 Illius
712 3583 787 3632 voois
805 3583 985 3645 pronuntiatio
999 3583 1069 3642 apud
1080 3577 1182 3626 Arabes
1195 3573 1318 3638 vulgaris

386 3671 493 3722 Daibol
511 3673 690 3722 ereeentiore
702 3676 787 3724 abusu
805 3679 866 3724 orta
885 3680 941 3736 est3
959 3675 992 3723 ab
1004 3667 1317 3736 originefueritDaibal

388 3773 501 3814 necesse
519 3766 569 3814 est.

336 3851 368 3911 2)
385 3855 434 3904 ibn
450 3855 557 3919 Hauqal
574 3857 619 3907 29.
658 3857 690 3915 4)
714 3857 807 3910 strab.
828 3855 890 3910 724.
917 3857 1022 3906 Lassen
1043 3857 1118 3906 Pent.
1142 3853 1189 3904 42·
1223 3821 1255 3910 t)
1272 3849 1318 3900 11.
1360 3919 1363 3926 ι

386 3945 432 3998 at.
449 3951 484 3999 ol.
500 3949 615 3999 Lasseui
632 3949 664 3998 (le
682 3961 715 3998 ea
732 3960 763 3998 re
781 3947 972 4010 expositionem
989 3947 1064 3997 Peut.
1080 3946 1117 3996 45
1134 3960 1175 4012 sq.

337 4037 366 4102 5)
383 4038 442 4089 noe
458 4037 530 4090 koue
547 4039 575 4089 ki
590 4053 624 4092 ex
640 4041 778 4104 interpret.
798 4038 946 4088 Remusatii
962 4039 1022 4092 Par.
1044 4039 1124 4089 1836.
