<?xml version="1.0" encoding="UTF-8"?>
<!DOCTYPE html PUBLIC "-//W3C//DTD XHTML 1.0 Transitional//EN"
    "http://www.w3.org/TR/xhtml1/DTD/xhtml1-transitional.dtd">
<html xmlns="http://www.w3.org/1999/xhtml" xml:lang="en" lang="en">
 <head>
  <title>
</title>
<meta http-equiv="Content-Type" content="text/html;charset=utf-8" />
  <meta name='ocr-system' content='tesseract 3.04.00' />
  <meta name='ocr-capabilities' content='ocr_page ocr_carea ocr_par ocr_line ocrx_word'/>
</head>
<body>
  <div class='ocr_page' id='page_1' title='image "./scriptorumarabu00algoog_0244.png"; bbox 0 0 3002 4962; ppageno 0'>
   <div class='ocr_carea' id='block_1_1' title="bbox 509 597 797 682">
    <p class='ocr_par' dir='ltr' id='par_1_1' title="bbox 509 597 797 682">
     <span class='ocr_line' id='line_1_1' title="bbox 509 597 797 682; baseline -0.003 -24"><span class='ocrx_word' id='word_1_1' title='bbox 509 597 797 682; x_wconf 64' lang='lat' dir='ltr'><strong>⁴-oro--</strong></span> 
     </span>
    </p>
   </div>
   <div class='ocr_carea' id='block_1_2' title="bbox 177 775 1181 1507">
    <p class='ocr_par' dir='ltr' id='par_1_2' title="bbox 177 775 1181 1507">
     <span class='ocr_line' id='line_1_2' title="bbox 177 775 1175 858; baseline 0.008 -22"><span class='ocrx_word' id='word_1_2' title='bbox 177 775 294 857; x_wconf 82' lang='lat' dir='ltr'><strong>napelli</strong></span> <span class='ocrx_word' id='word_1_3' title='bbox 321 783 492 855; x_wconf 83' lang='lat' dir='ltr'><strong>vocatum,</strong></span> <span class='ocrx_word' id='word_1_4' title='bbox 515 777 600 858; x_wconf 89' lang='lat' dir='ltr'><strong>quod</strong></span> <span class='ocrx_word' id='word_1_5' title='bbox 626 777 695 839; x_wconf 87' lang='lat' dir='ltr'><strong>sine</strong></span> <span class='ocrx_word' id='word_1_6' title='bbox 727 797 812 840; x_wconf 77' lang='lat' dir='ltr'><strong>noxa</strong></span> <span class='ocrx_word' id='word_1_7' title='bbox 843 798 883 841; x_wconf 84' lang='lat' dir='ltr'><strong>eo</strong></span> <span class='ocrx_word' id='word_1_8' title='bbox 910 781 1062 842; x_wconf 82' lang='lat' dir='ltr'><strong>vescitur.</strong></span> <span class='ocrx_word' id='word_1_9' title='bbox 1105 783 1175 846; x_wconf 84' lang='lat' dir='ltr'><strong>Re-</strong></span> 
     </span>
     <span class='ocr_line' id='line_1_3' title="bbox 179 884 1176 970; baseline 0.008 -26"><span class='ocrx_word' id='word_1_10' title='bbox 179 902 240 970; x_wconf 82' lang='lat' dir='ltr'><strong>ges</strong></span> <span class='ocrx_word' id='word_1_11' title='bbox 262 884 331 946; x_wconf 91' lang='lat' dir='ltr'><strong>ludi</strong></span> <span class='ocrx_word' id='word_1_12' title='bbox 351 893 532 970; x_wconf 74' lang='lat' dir='ltr'><strong>narrantur,</strong></span> <span class='ocrx_word' id='word_1_13' title='bbox 576 888 604 948; x_wconf 88' lang='lat' dir='ltr'><strong>si</strong></span> <span class='ocrx_word' id='word_1_14' title='bbox 624 887 755 949; x_wconf 78' lang='lat' dir='ltr'><strong>alicuius</strong></span> <span class='ocrx_word' id='word_1_15' title='bbox 776 888 864 949; x_wconf 82' lang='lat' dir='ltr'><strong>vitae</strong></span> <span class='ocrx_word' id='word_1_16' title='bbox 891 888 1091 970; x_wconf 79' lang='lat' dir='ltr'><strong>insidientur,</strong></span> <span class='ocrx_word' id='word_1_17' title='bbox 1114 911 1176 970; x_wconf 83' lang='lat' dir='ltr'><strong>pu-</strong></span> 
     </span>
     <span class='ocr_line' id='line_1_4' title="bbox 181 975 1178 1080; baseline 0.007 -28"><span class='ocrx_word' id='word_1_18' title='bbox 181 992 260 1054; x_wconf 78' lang='lat' dir='ltr'><strong>ollas</strong></span> <span class='ocrx_word' id='word_1_19' title='bbox 282 992 376 1054; x_wconf 91' lang='lat' dir='ltr'><strong>modo</strong></span> <span class='ocrx_word' id='word_1_20' title='bbox 397 1001 491 1054; x_wconf 81' lang='lat' dir='ltr'><strong>natos</strong></span> <span class='ocrx_word' id='word_1_21' title='bbox 520 1012 648 1058; x_wconf 84' lang='lat' dir='ltr'><strong>sumere</strong></span> <span class='ocrx_word' id='word_1_22' title='bbox 656 1040 668 1080; x_wconf 72' lang='lat'><em>7</em></span> <span class='ocrx_word' id='word_1_23' title='bbox 711 1015 845 1077; x_wconf 82' lang='lat' dir='ltr'><strong>eamque</strong></span> <span class='ocrx_word' id='word_1_24' title='bbox 872 996 1004 1060; x_wconf 83' lang='lat' dir='ltr'><strong>herbam</strong></span> <span class='ocrx_word' id='word_1_25' title='bbox 1032 1017 1089 1078; x_wconf 83' lang='lat' dir='ltr'><strong>per</strong></span> <span class='ocrx_word' id='word_1_26' title='bbox 1106 975 1178 1059; x_wconf 59' lang='lat' dir='ltr'><strong>&#39;cli-</strong></span> 
     </span>
     <span class='ocr_line' id='line_1_5' title="bbox 182 1097 1178 1187; baseline 0.004 -25"><span class='ocrx_word' id='word_1_27' title='bbox 182 1097 266 1181; x_wconf 86' lang='lat' dir='ltr'><strong>quod</strong></span> <span class='ocrx_word' id='word_1_28' title='bbox 287 1110 412 1182; x_wconf 88' lang='lat' dir='ltr'><strong>tempus</strong></span> <span class='ocrx_word' id='word_1_29' title='bbox 433 1103 566 1182; x_wconf 88' lang='lat' dir='ltr'><strong>primum</strong></span> <span class='ocrx_word' id='word_1_30' title='bbox 588 1103 647 1164; x_wconf 89' lang='lat' dir='ltr'><strong>sub</strong></span> <span class='ocrx_word' id='word_1_31' title='bbox 671 1123 777 1166; x_wconf 85' lang='lat' dir='ltr'><strong>earum</strong></span> <span class='ocrx_word' id='word_1_32' title='bbox 799 1106 952 1187; x_wconf 79' lang='lat' dir='ltr'><strong>lecticas,</strong></span> <span class='ocrx_word' id='word_1_33' title='bbox 986 1106 1099 1168; x_wconf 89' lang='lat' dir='ltr'><strong>deinde</strong></span> <span class='ocrx_word' id='word_1_34' title='bbox 1119 1105 1178 1167; x_wconf 89' lang='lat' dir='ltr'><strong>sub</strong></span> 
     </span>
     <span class='ocr_line' id='line_1_6' title="bbox 184 1191 1179 1298; baseline 0.001 -26"><span class='ocrx_word' id='word_1_35' title='bbox 184 1219 284 1272; x_wconf 78' lang='lat' dir='ltr'><strong>strata</strong></span> <span class='ocrx_word' id='word_1_36' title='bbox 305 1230 431 1294; x_wconf 78' lang='lat' dir='ltr'><strong>earum,</strong></span> <span class='ocrx_word' id='word_1_37' title='bbox 472 1221 539 1274; x_wconf 90' lang='lat' dir='ltr'><strong>tum</strong></span> <span class='ocrx_word' id='word_1_38' title='bbox 563 1215 622 1274; x_wconf 85' lang='lat' dir='ltr'><strong>sub</strong></span> <span class='ocrx_word' id='word_1_39' title='bbox 641 1222 753 1275; x_wconf 87' lang='lat' dir='ltr'><strong>vestes</strong></span> <span class='ocrx_word' id='word_1_40' title='bbox 774 1191 926 1277; x_wconf 84' lang='lat' dir='ltr'><strong>sternere.</strong></span> <span class='ocrx_word' id='word_1_41' title='bbox 969 1215 1114 1298; x_wconf 87' lang='lat' dir='ltr'><strong>Denique</strong></span> <span class='ocrx_word' id='word_1_42' title='bbox 1139 1214 1179 1274; x_wconf 89' lang='lat' dir='ltr'><strong>iis</strong></span> 
     </span>
     <span class='ocr_line' id='line_1_7' title="bbox 185 1301 1179 1405; baseline 0.001 -27"><span class='ocrx_word' id='word_1_43' title='bbox 185 1317 341 1380; x_wconf 85' lang='lat' dir='ltr'><strong>edendum</strong></span> <span class='ocrx_word' id='word_1_44' title='bbox 361 1318 437 1380; x_wconf 84' lang='lat' dir='ltr'><strong>dant</strong></span> <span class='ocrx_word' id='word_1_45' title='bbox 458 1323 488 1380; x_wconf 91' lang='lat' dir='ltr'><strong>in</strong></span> <span class='ocrx_word' id='word_1_46' title='bbox 510 1321 607 1400; x_wconf 84' lang='lat' dir='ltr'><strong>lacte,</strong></span> <span class='ocrx_word' id='word_1_47' title='bbox 630 1340 733 1400; x_wconf 86' lang='lat' dir='ltr'><strong>usque</strong></span> <span class='ocrx_word' id='word_1_48' title='bbox 755 1321 826 1383; x_wconf 91' lang='lat' dir='ltr'><strong>dum</strong></span> <span class='ocrx_word' id='word_1_49' title='bbox 849 1322 963 1405; x_wconf 76' lang='lat' dir='ltr'><strong>puella,</strong></span> <span class='ocrx_word' id='word_1_50' title='bbox 985 1323 1014 1384; x_wconf 90' lang='lat' dir='ltr'><strong>si</strong></span> <span class='ocrx_word' id='word_1_51' title='bbox 1030 1301 1179 1400; x_wconf 81' lang='lat' dir='ltr'><strong>adolevit,</strong></span> 
     </span>
     <span class='ocr_line' id='line_1_8' title="bbox 184 1409 1181 1507; baseline -0.002 -21"><span class='ocrx_word' id='word_1_52' title='bbox 184 1426 345 1505; x_wconf 85' lang='lat' dir='ltr'><strong>napellum</strong></span> <span class='ocrx_word' id='word_1_53' title='bbox 374 1423 490 1507; x_wconf 84' lang='lat' dir='ltr'><strong>edere,</strong></span> <span class='ocrx_word' id='word_1_54' title='bbox 520 1445 624 1505; x_wconf 81' lang='lat' dir='ltr'><strong>nequo</strong></span> <span class='ocrx_word' id='word_1_55' title='bbox 653 1409 725 1488; x_wconf 86' lang='lat' dir='ltr'><strong>inde</strong></span> <span class='ocrx_word' id='word_1_56' title='bbox 754 1429 902 1490; x_wconf 83' lang='lat' dir='ltr'><strong>damnum</strong></span> <span class='ocrx_word' id='word_1_57' title='bbox 931 1431 1038 1492; x_wconf 85' lang='lat' dir='ltr'><strong>facere</strong></span> <span class='ocrx_word' id='word_1_58' title='bbox 1067 1426 1181 1505; x_wconf 87' lang='lat' dir='ltr'><strong>coepit.</strong></span> 
     </span>
    </p>
   </div>
   <div class='ocr_carea' id='block_1_3' title="bbox 131 1523 1307 3324">
    <p class='ocr_par' dir='ltr' id='par_1_3' title="bbox 185 1523 1307 3002">
     <span class='ocr_line' id='line_1_9' title="bbox 185 1523 1238 1616; baseline -0.006 -19"><span class='ocrx_word' id='word_1_59' title='bbox 185 1537 266 1597; x_wconf 81' lang='lat' dir='ltr'><strong>Eam</strong></span> <span class='ocrx_word' id='word_1_60' title='bbox 287 1541 363 1595; x_wconf 88' lang='lat' dir='ltr'><strong>tunc</strong></span> <span class='ocrx_word' id='word_1_61' title='bbox 384 1550 455 1593; x_wconf 92' lang='lat' dir='ltr'><strong>cum</strong></span> <span class='ocrx_word' id='word_1_62' title='bbox 478 1523 568 1594; x_wconf 90' lang='lat' dir='ltr'><strong>donis</strong></span> <span class='ocrx_word' id='word_1_63' title='bbox 590 1534 716 1594; x_wconf 88' lang='lat' dir='ltr'><strong>mittunt</strong></span> <span class='ocrx_word' id='word_1_64' title='bbox 737 1533 777 1594; x_wconf 77' lang='lat' dir='ltr'><strong>cd</strong></span> <span class='ocrx_word' id='word_1_65' title='bbox 799 1527 938 1616; x_wconf 55' lang='lat' dir='ltr'><strong>regemj</strong></span> <span class='ocrx_word' id='word_1_66' title='bbox 971 1537 1021 1595; x_wconf 91' lang='lat' dir='ltr'><strong>cui</strong></span> <span class='ocrx_word' id='word_1_67' title='bbox 1050 1532 1182 1595; x_wconf 83' lang='lat' dir='ltr'><strong>insidias</strong></span> <span class='ocrx_word' id='word_1_68' title='bbox 1232 1535 1238 1546; x_wconf 65' lang='lat'><strong><em>¹</em></strong></span> 
     </span>
     <span class='ocr_line' id='line_1_10' title="bbox 186 1625 1181 1717; baseline 0 -18"><span class='ocrx_word' id='word_1_69' title='bbox 186 1639 332 1717; x_wconf 83' lang='lat' dir='ltr'><strong>tendunt3</strong></span> <span class='ocrx_word' id='word_1_70' title='bbox 360 1637 477 1698; x_wconf 85' lang='lat' dir='ltr'><strong>etenim</strong></span> <span class='ocrx_word' id='word_1_71' title='bbox 506 1637 534 1698; x_wconf 90' lang='lat' dir='ltr'><strong>si</strong></span> <span class='ocrx_word' id='word_1_72' title='bbox 563 1631 635 1698; x_wconf 83' lang='lat' dir='ltr'><strong>cum</strong></span> <span class='ocrx_word' id='word_1_73' title='bbox 668 1657 706 1700; x_wconf 81' lang='lat' dir='ltr'><strong>ea</strong></span> <span class='ocrx_word' id='word_1_74' title='bbox 734 1625 816 1698; x_wconf 78' lang='lat' dir='ltr'><strong>rem¹</strong></span> <span class='ocrx_word' id='word_1_75' title='bbox 835 1639 932 1701; x_wconf 86' lang='lat' dir='ltr'><strong>habet</strong></span> <span class='ocrx_word' id='word_1_76' title='bbox 963 1639 1104 1712; x_wconf 85' lang='lat' dir='ltr'><strong>moritur.</strong></span> <span class='ocrx_word' id='word_1_77' title='bbox 1141 1669 1181 1681; x_wconf 88' lang='lat'><strong>-·</strong></span> 
     </span>
     <span class='ocr_line' id='line_1_11' title="bbox 185 1741 1183 1824; baseline 0.006 -20"><span class='ocrx_word' id='word_1_78' title='bbox 185 1741 239 1806; x_wconf 84' lang='lat' dir='ltr'><strong>Ex</strong></span> <span class='ocrx_word' id='word_1_79' title='bbox 259 1743 365 1803; x_wconf 81' lang='lat' dir='ltr'><strong>terrae</strong></span> <span class='ocrx_word' id='word_1_80' title='bbox 386 1742 576 1805; x_wconf 84' lang='lat' dir='ltr'><strong>mirabilibus</strong></span> <span class='ocrx_word' id='word_1_81' title='bbox 598 1745 692 1806; x_wconf 82' lang='lat' dir='ltr'><strong>etiam</strong></span> <span class='ocrx_word' id='word_1_82' title='bbox 716 1754 765 1806; x_wconf 88' lang='lat' dir='ltr'><strong>est</strong></span> <span class='ocrx_word' id='word_1_83' title='bbox 784 1746 876 1824; x_wconf 74' lang='lat' dir='ltr'><strong>crb&#39;or</strong></span> <span class='ocrx_word' id='word_1_84' title='bbox 890 1741 1183 1810; x_wconf 79' lang='lat' dir='ltr'><strong>Kasiirsfructuum</strong></span> 
     </span>
     <span class='ocr_line' id='line_1_12' title="bbox 187 1846 1307 1934; baseline 0.005 -25"><span class='ocrx_word' id='word_1_85' title='bbox 187 1847 325 1909; x_wconf 87' lang='lat' dir='ltr'><strong>dulcium</strong></span> <span class='ocrx_word' id='word_1_86' title='bbox 346 1846 456 1930; x_wconf 75' lang='lat' dir='ltr'><strong>ferax,</strong></span> <span class='ocrx_word' id='word_1_87' title='bbox 499 1847 531 1908; x_wconf 92' lang='lat' dir='ltr'><strong>in</strong></span> <span class='ocrx_word' id='word_1_88' title='bbox 554 1865 615 1926; x_wconf 79' lang='lat' dir='ltr'><strong>qua</strong></span> <span class='ocrx_word' id='word_1_89' title='bbox 637 1849 800 1910; x_wconf 84' lang='lat' dir='ltr'><strong>columbae</strong></span> <span class='ocrx_word' id='word_1_90' title='bbox 830 1851 996 1914; x_wconf 88' lang='lat' dir='ltr'><strong>considunt</strong></span> <span class='ocrx_word' id='word_1_91' title='bbox 1027 1854 1186 1934; x_wconf 87' lang='lat' dir='ltr'><strong>cuiusque</strong></span> <span class='ocrx_word' id='word_1_92' title='bbox 1306 1923 1307 1928; x_wconf 9' lang='grc' dir='ltr'>η</span> 
     </span>
     <span class='ocr_line' id='line_1_13' title="bbox 188 1940 1236 2040; baseline 0.006 -24"><span class='ocrx_word' id='word_1_93' title='bbox 188 1953 344 2016; x_wconf 85' lang='lat' dir='ltr'><strong>fructibus</strong></span> <span class='ocrx_word' id='word_1_94' title='bbox 367 1940 542 2015; x_wconf 83' lang='lat' dir='ltr'><strong>vescuntur</strong></span> <span class='ocrx_word' id='word_1_95' title='bbox 546 1999 560 2040; x_wconf 65' lang='lat'><em>7</em></span> <span class='ocrx_word' id='word_1_96' title='bbox 595 1955 638 2014; x_wconf 84' lang='lat' dir='ltr'><strong>ab</strong></span> <span class='ocrx_word' id='word_1_97' title='bbox 656 1955 727 2034; x_wconf 83' lang='lat' dir='ltr'><strong>ipsa</strong></span> <span class='ocrx_word' id='word_1_98' title='bbox 748 1963 862 2017; x_wconf 84' lang='lat' dir='ltr'><strong>tectae.</strong></span> <span class='ocrx_word' id='word_1_99' title='bbox 906 1955 1082 2020; x_wconf 82' lang='lat' dir='ltr'><strong>Columbae</strong></span> <span class='ocrx_word' id='word_1_100' title='bbox 1103 1959 1236 2022; x_wconf 79' lang='lat' dir='ltr'><strong>insi-77</strong></span> 
     </span>
     <span class='ocr_line' id='line_1_14' title="bbox 189 2056 1186 2148; baseline 0.002 -25"><span class='ocrx_word' id='word_1_101' title='bbox 189 2061 293 2124; x_wconf 81' lang='lat' dir='ltr'><strong>dictur</strong></span> <span class='ocrx_word' id='word_1_102' title='bbox 315 2080 459 2142; x_wconf 82' lang='lat' dir='ltr'><strong>serpens,</strong></span> <span class='ocrx_word' id='word_1_103' title='bbox 469 2060 527 2122; x_wconf 88' lang='lat' dir='ltr'><strong>sed</strong></span> <span class='ocrx_word' id='word_1_104' title='bbox 535 2063 658 2124; x_wconf 83' lang='lat' dir='ltr'><strong>etiomsi</strong></span> <span class='ocrx_word' id='word_1_105' title='bbox 666 2063 727 2124; x_wconf 80' lang='lat' dir='ltr'><strong>ianr</strong></span> <span class='ocrx_word' id='word_1_106' title='bbox 739 2065 769 2125; x_wconf 90' lang='lat' dir='ltr'><strong>in</strong></span> <span class='ocrx_word' id='word_1_107' title='bbox 782 2065 902 2126; x_wconf 81' lang='lat' dir='ltr'><strong>arboris</strong></span> <span class='ocrx_word' id='word_1_108' title='bbox 910 2084 1016 2126; x_wconf 80' lang='lat' dir='ltr'><strong>ramos</strong></span> <span class='ocrx_word' id='word_1_109' title='bbox 1027 2056 1186 2148; x_wconf 79' lang='lat' dir='ltr'><strong>ascendit,</strong></span> 
     </span>
     <span class='ocr_line' id='line_1_15' title="bbox 191 2168 1198 2258; baseline 0.002 -28"><span class='ocrx_word' id='word_1_110' title='bbox 191 2168 336 2230; x_wconf 80' lang='lat' dir='ltr'><strong>columba</strong></span> <span class='ocrx_word' id='word_1_111' title='bbox 357 2169 409 2256; x_wconf 15' lang='lat' dir='ltr'><strong>ita!</strong></span> <span class='ocrx_word' id='word_1_112' title='bbox 423 2169 606 2230; x_wconf 83' lang='lat' dir='ltr'><strong>obumbrata</strong></span> <span class='ocrx_word' id='word_1_113' title='bbox 628 2179 678 2231; x_wconf 87' lang='lat' dir='ltr'><strong>est</strong></span> <span class='ocrx_word' id='word_1_114' title='bbox 708 2179 743 2232; x_wconf 87' lang='lat' dir='ltr'><strong>ut</strong></span> <span class='ocrx_word' id='word_1_115' title='bbox 770 2190 904 2252; x_wconf 82' lang='lat' dir='ltr'><strong>serpens</strong></span> <span class='ocrx_word' id='word_1_116' title='bbox 933 2192 1003 2236; x_wconf 77' lang='lat' dir='ltr'><strong>eam</strong></span> <span class='ocrx_word' id='word_1_117' title='bbox 1030 2174 1198 2258; x_wconf 83' lang='lat' dir='ltr'><strong>attingere·</strong></span> 
     </span>
     <span class='ocr_line' id='line_1_16' title="bbox 190 2271 1189 2366; baseline -0.001 -30"><span class='ocrx_word' id='word_1_118' title='bbox 190 2283 339 2358; x_wconf 83' lang='lat' dir='ltr'><strong>nequeat.</strong></span> <span class='ocrx_word' id='word_1_119' title='bbox 359 2308 402 2366; x_wconf 55' lang='lat'><strong>5-</strong></span> <span class='ocrx_word' id='word_1_120' title='bbox 422 2275 470 2336; x_wconf 87' lang='lat' dir='ltr'><strong>lbi</strong></span> <span class='ocrx_word' id='word_1_121' title='bbox 491 2271 590 2336; x_wconf 90' lang='lat' dir='ltr'><strong>oves⁷</strong></span> <span class='ocrx_word' id='word_1_122' title='bbox 611 2277 705 2352; x_wconf 85' lang='lat' dir='ltr'><strong>sunt,</strong></span> <span class='ocrx_word' id='word_1_123' title='bbox 728 2295 810 2357; x_wconf 83' lang='lat' dir='ltr'><strong>quae</strong></span> <span class='ocrx_word' id='word_1_124' title='bbox 835 2295 896 2338; x_wconf 88' lang='lat' dir='ltr'><strong>sex</strong></span> <span class='ocrx_word' id='word_1_125' title='bbox 924 2278 1042 2340; x_wconf 82' lang='lat' dir='ltr'><strong>habent</strong></span> <span class='ocrx_word' id='word_1_126' title='bbox 1070 2275 1189 2338; x_wconf 82' lang='lat' dir='ltr'><strong>caudas</strong></span> 
     </span>
     <span class='ocr_line' id='line_1_17' title="bbox 192 2372 1265 2468; baseline -0.003 -22"><span class='ocrx_word' id='word_1_127' title='bbox 192 2387 340 2468; x_wconf 72' lang='lat' dir='ltr'><strong>pingues²</strong></span> <span class='ocrx_word' id='word_1_128' title='bbox 363 2403 492 2465; x_wconf 85' lang='lat' dir='ltr'><strong>quarum</strong></span> <span class='ocrx_word' id='word_1_129' title='bbox 514 2404 577 2447; x_wconf 82' lang='lat' dir='ltr'><strong>uua</strong></span> <span class='ocrx_word' id='word_1_130' title='bbox 598 2385 629 2445; x_wconf 90' lang='lat' dir='ltr'><strong>in</strong></span> <span class='ocrx_word' id='word_1_131' title='bbox 650 2385 723 2447; x_wconf 92' lang='lat' dir='ltr'><strong>loco</strong></span> <span class='ocrx_word' id='word_1_132' title='bbox 745 2387 838 2447; x_wconf 90' lang='lat' dir='ltr'><strong>solito</strong></span> <span class='ocrx_word' id='word_1_133' title='bbox 861 2397 923 2468; x_wconf 72' lang='lat' dir='ltr'><strong>est,</strong></span> <span class='ocrx_word' id='word_1_134' title='bbox 946 2387 1046 2446; x_wconf 80' lang='lat' dir='ltr'><strong>altera</strong></span> <span class='ocrx_word' id='word_1_135' title='bbox 1075 2386 1106 2444; x_wconf 89' lang='lat' dir='ltr'><strong>in</strong></span> <span class='ocrx_word' id='word_1_136' title='bbox 1126 2403 1192 2465; x_wconf 51' lang='lat' dir='ltr'><strong>pe*</strong></span> <span class='ocrx_word' id='word_1_137' title='bbox 1259 2372 1265 2378; x_wconf 54' lang='grc'><strong>’</strong></span> 
     </span>
     <span class='ocr_line' id='line_1_18' title="bbox 192 2479 1190 2573; baseline -0.005 -20"><span class='ocrx_word' id='word_1_138' title='bbox 192 2500 301 2572; x_wconf 85' lang='lat' dir='ltr'><strong>ctoro,</strong></span> <span class='ocrx_word' id='word_1_139' title='bbox 323 2488 418 2552; x_wconf 85' lang='lat' dir='ltr'><strong>tertia</strong></span> <span class='ocrx_word' id='word_1_140' title='bbox 440 2498 471 2550; x_wconf 89' lang='lat' dir='ltr'><strong>et</strong></span> <span class='ocrx_word' id='word_1_141' title='bbox 492 2499 603 2572; x_wconf 84' lang='lat' dir='ltr'><strong>quarta</strong></span> <span class='ocrx_word' id='word_1_142' title='bbox 628 2491 659 2553; x_wconf 91' lang='lat' dir='ltr'><strong>in</strong></span> <span class='ocrx_word' id='word_1_143' title='bbox 680 2492 832 2573; x_wconf 82' lang='lat' dir='ltr'><strong>scapulis,</strong></span> <span class='ocrx_word' id='word_1_144' title='bbox 856 2491 964 2570; x_wconf 78' lang='lat' dir='ltr'><strong>quinta</strong></span> <span class='ocrx_word' id='word_1_145' title='bbox 984 2499 1017 2552; x_wconf 84' lang='lat' dir='ltr'><strong>et</strong></span> <span class='ocrx_word' id='word_1_146' title='bbox 1038 2498 1132 2550; x_wconf 83' lang='lat' dir='ltr'><strong>sexto</strong></span> <span class='ocrx_word' id='word_1_147' title='bbox 1146 2479 1190 2549; x_wconf 36' lang='lat' dir='ltr'><strong>*in</strong></span> 
     </span>
     <span class='ocr_line' id='line_1_19' title="bbox 193 2575 1188 2682; baseline -0.003 -23"><span class='ocrx_word' id='word_1_148' title='bbox 193 2575 381 2659; x_wconf 82' lang='lat' dir='ltr'><strong>femoribus.‘</strong></span> <span class='ocrx_word' id='word_1_149' title='bbox 425 2598 543 2658; x_wconf 82' lang='lat' dir='ltr'><strong>Eorum</strong></span> <span class='ocrx_word' id='word_1_150' title='bbox 592 2598 698 2658; x_wconf 87' lang='lat' dir='ltr'><strong>ovium</strong></span> <span class='ocrx_word' id='word_1_151' title='bbox 744 2595 812 2658; x_wconf 82' lang='lat' dir='ltr'><strong>vidi</strong></span> <span class='ocrx_word' id='word_1_152' title='bbox 853 2617 973 2682; x_wconf 62' lang='lat' dir='ltr'><strong>unam,</strong></span> <span class='ocrx_word' id='word_1_153' title='bbox 1030 2615 1113 2676; x_wconf 78' lang='lat' dir='ltr'><strong>quae</strong></span> <span class='ocrx_word' id='word_1_154' title='bbox 1157 2596 1188 2656; x_wconf 92' lang='lat' dir='ltr'><strong>in</strong></span> 
     </span>
     <span class='ocr_line' id='line_1_20' title="bbox 192 2702 1190 2786; baseline 0 -22"><span class='ocrx_word' id='word_1_155' title='bbox 192 2711 322 2764; x_wconf 83' lang='lat' dir='ltr'><strong>nostras</strong></span> <span class='ocrx_word' id='word_1_156' title='bbox 341 2702 491 2785; x_wconf 85' lang='lat' dir='ltr'><strong>regiones</strong></span> <span class='ocrx_word' id='word_1_157' title='bbox 515 2709 678 2783; x_wconf 80' lang='lat' dir='ltr'><strong>asportata</strong></span> <span class='ocrx_word' id='word_1_158' title='bbox 700 2711 776 2764; x_wconf 84' lang='lat' dir='ltr'><strong>erat.</strong></span> <span class='ocrx_word' id='word_1_159' title='bbox 798 2735 839 2746; x_wconf 89' lang='lat'><em>-</em></span> <span class='ocrx_word' id='word_1_160' title='bbox 860 2703 908 2764; x_wconf 91' lang='lat' dir='ltr'><strong>lbi</strong></span> <span class='ocrx_word' id='word_1_161' title='bbox 922 2712 1090 2784; x_wconf 80' lang='lat' dir='ltr'><strong>serpentes</strong></span> <span class='ocrx_word' id='word_1_162' title='bbox 1104 2712 1190 2786; x_wconf 78' lang='lat' dir='ltr'><strong>sunt,</strong></span> 
     </span>
     <span class='ocr_line' id='line_1_21' title="bbox 194 2791 1192 2894; baseline 0.001 -23"><span class='ocrx_word' id='word_1_163' title='bbox 194 2811 247 2891; x_wconf 87' lang='lat' dir='ltr'><strong>qui</strong></span> <span class='ocrx_word' id='word_1_164' title='bbox 269 2811 297 2872; x_wconf 88' lang='lat' dir='ltr'><strong>si</strong></span> <span class='ocrx_word' id='word_1_165' title='bbox 317 2791 474 2871; x_wconf 89' lang='lat' dir='ltr'><strong>hominem</strong></span> <span class='ocrx_word' id='word_1_166' title='bbox 495 2810 740 2894; x_wconf 74' lang='lat' dir='ltr'><strong>momorderunt,</strong></span> <span class='ocrx_word' id='word_1_167' title='bbox 763 2819 908 2880; x_wconf 85' lang='lat' dir='ltr'><strong>mortuus</strong></span> <span class='ocrx_word' id='word_1_168' title='bbox 931 2811 1076 2873; x_wconf 89' lang='lat' dir='ltr'><strong>concidit.</strong></span> <span class='ocrx_word' id='word_1_169' title='bbox 1099 2813 1192 2872; x_wconf 80' lang='lat' dir='ltr'><strong>Tunc</strong></span> 
     </span>
     <span class='ocr_line' id='line_1_22' title="bbox 196 2917 1192 3002; baseline 0.001 -22"><span class='ocrx_word' id='word_1_170' title='bbox 196 2938 267 2981; x_wconf 88' lang='lat' dir='ltr'><strong>eum</strong></span> <span class='ocrx_word' id='word_1_171' title='bbox 293 2919 324 2980; x_wconf 93' lang='lat' dir='ltr'><strong>in</strong></span> <span class='ocrx_word' id='word_1_172' title='bbox 353 2919 491 2982; x_wconf 76' lang='lat' dir='ltr'><strong>tabulam</strong></span> <span class='ocrx_word' id='word_1_173' title='bbox 520 2917 797 3002; x_wconf 77' lang='lat' dir='ltr'><strong>illigatumaquae</strong></span> <span class='ocrx_word' id='word_1_174' title='bbox 819 2918 968 3002; x_wconf 76' lang='lat' dir='ltr'><strong>tradunt,</strong></span> <span class='ocrx_word' id='word_1_175' title='bbox 1012 2939 1093 3000; x_wconf 84' lang='lat' dir='ltr'><strong>quae</strong></span> <span class='ocrx_word' id='word_1_176' title='bbox 1120 2939 1192 2982; x_wconf 86' lang='lat' dir='ltr'><strong>cum</strong></span> 
     </span>
    </p>

    <p class='ocr_par' dir='ltr' id='par_1_4' title="bbox 131 3025 1237 3324">
     <span class='ocr_line' id='line_1_23' title="bbox 131 3025 1194 3113; baseline -0.002 -25"><span class='ocrx_word' id='word_1_177' title='bbox 131 3103 138 3113; x_wconf 80' lang='lat'><em>,</em></span> <span class='ocrx_word' id='word_1_178' title='bbox 197 3026 307 3089; x_wconf 77' lang='lat' dir='ltr'><strong>avehit</strong></span> <span class='ocrx_word' id='word_1_179' title='bbox 327 3027 357 3086; x_wconf 91' lang='lat' dir='ltr'><strong>in</strong></span> <span class='ocrx_word' id='word_1_180' title='bbox 379 3025 496 3107; x_wconf 82' lang='lat' dir='ltr'><strong>locum,</strong></span> <span class='ocrx_word' id='word_1_181' title='bbox 519 3025 572 3086; x_wconf 93' lang='lat' dir='ltr'><strong>ubi</strong></span> <span class='ocrx_word' id='word_1_182' title='bbox 593 3025 810 3112; x_wconf 87' lang='lat' dir='ltr'><strong>nosocomium</strong></span> <span class='ocrx_word' id='word_1_183' title='bbox 832 3034 892 3086; x_wconf 84' lang='lat' dir='ltr'><strong>est.</strong></span> <span class='ocrx_word' id='word_1_184' title='bbox 921 3027 957 3086; x_wconf 91' lang='lat' dir='ltr'><strong>ln</strong></span> <span class='ocrx_word' id='word_1_185' title='bbox 984 3027 1052 3106; x_wconf 83' lang='lat' dir='ltr'><strong>ripe</strong></span> <span class='ocrx_word' id='word_1_186' title='bbox 1080 3027 1194 3108; x_wconf 77' lang='lat' dir='ltr'><strong>aliquis</strong></span> 
     </span>
     <span class='ocr_line' id='line_1_24' title="bbox 197 3129 1195 3214; baseline -0.002 -19"><span class='ocrx_word' id='word_1_187' title='bbox 197 3151 323 3195; x_wconf 91' lang='lat' dir='ltr'><strong>morsos</strong></span> <span class='ocrx_word' id='word_1_188' title='bbox 339 3140 497 3214; x_wconf 74' lang='lat' dir='ltr'><strong>expectat,</strong></span> <span class='ocrx_word' id='word_1_189' title='bbox 520 3141 553 3194; x_wconf 85' lang='lat' dir='ltr'><strong>et</strong></span> <span class='ocrx_word' id='word_1_190' title='bbox 574 3132 692 3212; x_wconf 87' lang='lat' dir='ltr'><strong>excipit</strong></span> <span class='ocrx_word' id='word_1_191' title='bbox 712 3129 991 3213; x_wconf 81' lang='lat' dir='ltr'><strong>iisquemedetur,</strong></span> <span class='ocrx_word' id='word_1_192' title='bbox 1013 3133 1057 3193; x_wconf 84' lang='lat' dir='ltr'><strong>ita</strong></span> <span class='ocrx_word' id='word_1_193' title='bbox 1071 3139 1107 3192; x_wconf 90' lang='lat' dir='ltr'><strong>ut</strong></span> <span class='ocrx_word' id='word_1_194' title='bbox 1120 3141 1195 3212; x_wconf 85' lang='lat' dir='ltr'><strong>post</strong></span> 
     </span>
     <span class='ocr_line' id='line_1_25' title="bbox 198 3235 1237 3324; baseline -0.003 -22"><span class='ocrx_word' id='word_1_195' title='bbox 198 3240 325 3322; x_wconf 79' lang='lat' dir='ltr'><strong>aliquod</strong></span> <span class='ocrx_word' id='word_1_196' title='bbox 346 3247 471 3320; x_wconf 88' lang='lat' dir='ltr'><strong>tempus</strong></span> <span class='ocrx_word' id='word_1_197' title='bbox 493 3239 598 3301; x_wconf 83' lang='lat' dir='ltr'><strong>sanati</strong></span> <span class='ocrx_word' id='word_1_198' title='bbox 619 3237 660 3300; x_wconf 80' lang='lat' dir='ltr'><strong>ad</strong></span> <span class='ocrx_word' id='word_1_199' title='bbox 686 3237 837 3304; x_wconf 80' lang='lat' dir='ltr'><strong>familiam</strong></span> <span class='ocrx_word' id='word_1_200' title='bbox 864 3235 966 3298; x_wconf 89' lang='lat' dir='ltr'><strong>redire</strong></span> <span class='ocrx_word' id='word_1_201' title='bbox 984 3237 1126 3321; x_wconf 76' lang='lat' dir='ltr'><strong>possint.</strong></span> <span class='ocrx_word' id='word_1_202' title='bbox 1154 3270 1195 3280; x_wconf 90' lang='lat'><em>-</em></span> <span class='ocrx_word' id='word_1_203' title='bbox 1232 3309 1237 3324; x_wconf 41' lang='grc' dir='ltr'><strong><em>Ι</em></strong></span> 
     </span>
    </p>
   </div>
   <div class='ocr_carea' id='block_1_4' title="bbox 259 3443 1198 3623">
    <p class='ocr_par' dir='ltr' id='par_1_5' title="bbox 259 3443 1198 3623">
     <span class='ocr_line' id='line_1_26' title="bbox 266 3443 1198 3540; baseline -0.001 -20"><span class='ocrx_word' id='word_1_204' title='bbox 266 3471 387 3540; x_wconf 65' lang='lat' dir='ltr'><strong>(irriguos</strong></span> <span class='ocrx_word' id='word_1_205' title='bbox 406 3483 440 3518; x_wconf 87' lang='lat' dir='ltr'><strong>ex</strong></span> <span class='ocrx_word' id='word_1_206' title='bbox 457 3463 557 3532; x_wconf 73' lang='lat' dir='ltr'><strong>Baqiio</strong></span> <span class='ocrx_word' id='word_1_207' title='bbox 574 3443 608 3517; x_wconf 73' lang='lat' dir='ltr'><strong>u.</strong></span> <span class='ocrx_word' id='word_1_208' title='bbox 627 3481 650 3519; x_wconf 84' lang='lat' dir='ltr'><strong>e.</strong></span> <span class='ocrx_word' id='word_1_209' title='bbox 669 3469 701 3519; x_wconf 80' lang='lat' dir='ltr'><strong>ll.</strong></span> <span class='ocrx_word' id='word_1_210' title='bbox 718 3469 754 3530; x_wconf 88' lang='lat'><strong>11,</strong></span> <span class='ocrx_word' id='word_1_211' title='bbox 771 3466 843 3532; x_wconf 78' lang='lat'><strong>240,</strong></span> <span class='ocrx_word' id='word_1_212' title='bbox 866 3466 914 3529; x_wconf 79' lang='lat' dir='ltr'><strong>qut</strong></span> <span class='ocrx_word' id='word_1_213' title='bbox 929 3481 960 3518; x_wconf 79' lang='lat' dir='ltr'><strong>so</strong></span> <span class='ocrx_word' id='word_1_214' title='bbox 975 3481 1011 3518; x_wconf 80' lang='lat' dir='ltr'><strong>rte</strong></span> <span class='ocrx_word' id='word_1_215' title='bbox 1028 3471 1198 3535; x_wconf 70' lang='lat' dir='ltr'><strong>croceoque</strong></span> 
     </span>
     <span class='ocr_line' id='line_1_27' title="bbox 259 3559 849 3623; baseline -0.007 -10"><span class='ocrx_word' id='word_1_216' title='bbox 259 3564 341 3614; x_wconf 72' lang='lat' dir='ltr'><strong>dans</strong></span> <span class='ocrx_word' id='word_1_217' title='bbox 358 3567 390 3612; x_wconf 80' lang='lat' dir='ltr'><strong>la</strong></span> <span class='ocrx_word' id='word_1_218' title='bbox 407 3574 476 3612; x_wconf 86' lang='lat' dir='ltr'><strong>mer.</strong></span> <span class='ocrx_word' id='word_1_219' title='bbox 510 3563 615 3612; x_wconf 82' lang='lat' dir='ltr'><strong>Nomen</strong></span> <span class='ocrx_word' id='word_1_220' title='bbox 632 3560 727 3623; x_wconf 80' lang='lat' dir='ltr'><strong>lapidis</strong></span> <span class='ocrx_word' id='word_1_221' title='bbox 743 3559 849 3616; x_wconf 80' lang='lat' dir='ltr'><strong>omittit.</strong></span> 
     </span>
    </p>
   </div>
   <div class='ocr_carea' id='block_1_5' title="bbox 218 3665 1199 3841">
    <p class='ocr_par' dir='ltr' id='par_1_6' title="bbox 218 3665 1199 3841">
     <span class='ocr_line' id='line_1_28' title="bbox 218 3665 1199 3751; baseline -0.006 -28"><span class='ocrx_word' id='word_1_222' title='bbox 218 3673 248 3738; x_wconf 82' lang='lat' dir='ltr'><strong>c)</strong></span> <span class='ocrx_word' id='word_1_223' title='bbox 266 3671 343 3736; x_wconf 73' lang='lat' dir='ltr'><strong>Quae</strong></span> <span class='ocrx_word' id='word_1_224' title='bbox 361 3675 457 3751; x_wconf 73' lang='lat' dir='ltr'><strong>auctor</strong></span> <span class='ocrx_word' id='word_1_225' title='bbox 473 3671 499 3720; x_wconf 84' lang='lat' dir='ltr'><strong>in</strong></span> <span class='ocrx_word' id='word_1_226' title='bbox 517 3671 577 3720; x_wconf 79' lang='lat' dir='ltr'><strong>hist.</strong></span> <span class='ocrx_word' id='word_1_227' title='bbox 595 3671 650 3721; x_wconf 81' lang='lat' dir='ltr'><strong>nat.</strong></span> <span class='ocrx_word' id='word_1_228' title='bbox 668 3671 701 3718; x_wconf 85' lang='lat' dir='ltr'><strong>de</strong></span> <span class='ocrx_word' id='word_1_229' title='bbox 735 3665 815 3746; x_wconf 57' lang='lat'><strong>0244</strong></span> <span class='ocrx_word' id='word_1_230' title='bbox 833 3668 921 3733; x_wconf 74' lang='lat' dir='ltr'><strong>habet,</strong></span> <span class='ocrx_word' id='word_1_231' title='bbox 937 3667 978 3720; x_wconf 76' lang='lat' dir='ltr'><strong>nis</strong></span> <span class='ocrx_word' id='word_1_232' title='bbox 994 3667 1135 3734; x_wconf 76' lang='lat' dir='ltr'><strong>simillimo,</strong></span> <span class='ocrx_word' id='word_1_233' title='bbox 1156 3668 1199 3718; x_wconf 85' lang='lat' dir='ltr'><strong>le-</strong></span> 
     </span>
     <span class='ocr_line' id='line_1_29' title="bbox 239 3757 1038 3841; baseline -0.001 -17"><span class='ocrx_word' id='word_1_234' title='bbox 239 3757 241 3766; x_wconf 60' lang='grc'>’</span> <span class='ocrx_word' id='word_1_235' title='bbox 266 3779 367 3839; x_wconf 76' lang='lat' dir='ltr'><strong>guntur</strong></span> <span class='ocrx_word' id='word_1_236' title='bbox 384 3778 453 3836; x_wconf 80' lang='lat' dir='ltr'><strong>apud</strong></span> <span class='ocrx_word' id='word_1_237' title='bbox 472 3773 609 3838; x_wconf 81' lang='lat' dir='ltr'><strong>Ghezyum</strong></span> <span class='ocrx_word' id='word_1_238' title='bbox 627 3774 656 3836; x_wconf 87' lang='lat' dir='ltr'><strong>in</strong></span> <span class='ocrx_word' id='word_1_239' title='bbox 671 3777 763 3836; x_wconf 82' lang='lat' dir='ltr'><strong>socyii</strong></span> <span class='ocrx_word' id='word_1_240' title='bbox 781 3778 836 3826; x_wconf 87' lang='lat' dir='ltr'><strong>clrr.</strong></span> <span class='ocrx_word' id='word_1_241' title='bbox 854 3787 894 3826; x_wconf 81' lang='lat' dir='ltr'><strong>ar.</strong></span> <span class='ocrx_word' id='word_1_242' title='bbox 911 3777 957 3841; x_wconf 83' lang='lat' dir='ltr'><strong>ln,</strong></span> <span class='ocrx_word' id='word_1_243' title='bbox 976 3759 1038 3826; x_wconf 67' lang='lat' dir='ltr'><strong>lvo·</strong></span> 
     </span>
    </p>
   </div>
   <div class='ocr_carea' id='block_1_6' title="bbox 180 3875 1199 4136">
    <p class='ocr_par' dir='ltr' id='par_1_7' title="bbox 180 3875 1199 4136">
     <span class='ocr_line' id='line_1_30' title="bbox 180 3875 1198 3945; baseline -0.004 -15"><span class='ocrx_word' id='word_1_244' title='bbox 180 3889 182 3894; x_wconf 85' lang='grc'><em>·</em></span> <span class='ocrx_word' id='word_1_245' title='bbox 219 3875 248 3945; x_wconf 80' lang='lat' dir='ltr'><strong>t)</strong></span> <span class='ocrx_word' id='word_1_246' title='bbox 265 3880 306 3930; x_wconf 86' lang='lat' dir='ltr'><strong>De</strong></span> <span class='ocrx_word' id='word_1_247' title='bbox 336 3878 429 3930; x_wconf 84' lang='lat' dir='ltr'><strong>ovibus</strong></span> <span class='ocrx_word' id='word_1_248' title='bbox 461 3879 565 3945; x_wconf 81' lang='lat' dir='ltr'><strong>Indicis,</strong></span> <span class='ocrx_word' id='word_1_249' title='bbox 594 3891 662 3943; x_wconf 78' lang='lat' dir='ltr'><strong>quae</strong></span> <span class='ocrx_word' id='word_1_250' title='bbox 690 3880 741 3932; x_wconf 81' lang='lat' dir='ltr'><strong>inm</strong></span> <span class='ocrx_word' id='word_1_251' title='bbox 775 3881 882 3932; x_wconf 74' lang='lat' dir='ltr'><strong>Ctesias</strong></span> <span class='ocrx_word' id='word_1_252' title='bbox 911 3885 1052 3931; x_wconf 79' lang='lat' dir='ltr'><strong>moverant</strong></span> <span class='ocrx_word' id='word_1_253' title='bbox 1083 3880 1198 3932; x_wconf 80' lang='lat' dir='ltr'><strong>animum</strong></span> 
     </span>
     <span class='ocr_line' id='line_1_31' title="bbox 269 3971 1199 4038; baseline -0.004 -16"><span class='ocrx_word' id='word_1_254' title='bbox 269 3973 357 4037; x_wconf 85' lang='lat' dir='ltr'><strong>(lndd.</strong></span> <span class='ocrx_word' id='word_1_255' title='bbox 377 3975 417 4024; x_wconf 84' lang='grc'><strong>13.</strong></span> <span class='ocrx_word' id='word_1_256' title='bbox 436 3977 464 4022; x_wconf 87' lang='lat' dir='ltr'><strong>et</strong></span> <span class='ocrx_word' id='word_1_257' title='bbox 481 3987 524 4034; x_wconf 80' lang='lat' dir='ltr'><strong>pp.</strong></span> <span class='ocrx_word' id='word_1_258' title='bbox 547 3974 611 4025; x_wconf 77' lang='lat'><strong>80³.</strong></span> <span class='ocrx_word' id='word_1_259' title='bbox 634 3975 697 4023; x_wconf 83' lang='grc'><strong>306.</strong></span> <span class='ocrx_word' id='word_1_260' title='bbox 720 3972 821 4038; x_wconf 81' lang='lat' dir='ltr'><strong>Bachr)</strong></span> <span class='ocrx_word' id='word_1_261' title='bbox 848 3972 1008 4022; x_wconf 83' lang='lat' dir='ltr'><strong>simillimum</strong></span> <span class='ocrx_word' id='word_1_262' title='bbox 1031 3985 1066 4022; x_wconf 83' lang='lat' dir='ltr'><strong>ex</strong></span> <span class='ocrx_word' id='word_1_263' title='bbox 1090 3971 1199 4022; x_wconf 84' lang='lat' dir='ltr'><strong>Damiro</strong></span> 
     </span>
     <span class='ocr_line' id='line_1_32' title="bbox 269 4065 890 4136; baseline 0.005 -24"><span class='ocrx_word' id='word_1_264' title='bbox 269 4065 356 4114; x_wconf 80' lang='lat' dir='ltr'><strong>locum</strong></span> <span class='ocrx_word' id='word_1_265' title='bbox 374 4065 478 4125; x_wconf 79' lang='lat' dir='ltr'><strong>profert</strong></span> <span class='ocrx_word' id='word_1_266' title='bbox 495 4065 641 4136; x_wconf 79' lang='lat' dir='ltr'><strong>Bochartus</strong></span> <span class='ocrx_word' id='word_1_267' title='bbox 657 4067 767 4124; x_wconf 76' lang='lat' dir='ltr'><strong>Hieron.</strong></span> <span class='ocrx_word' id='word_1_268' title='bbox 785 4069 808 4130; x_wconf 88' lang='lat'><strong>1,</strong></span> <span class='ocrx_word' id='word_1_269' title='bbox 825 4065 890 4121; x_wconf 74' lang='lat'><strong>49⁵,</strong></span> 
     </span>
    </p>
   </div>
   <div class='ocr_carea' id='block_1_7' title="bbox 311 4277 318 4304">
    <p class='ocr_par' dir='ltr' id='par_1_8' title="bbox 311 4277 318 4304">
     <span class='ocr_line' id='line_1_33' title="bbox 311 4277 318 4304; baseline 0 0"><span class='ocrx_word' id='word_1_270' title='bbox 311 4277 318 4304; x_wconf 81' lang='grc' dir='ltr'><strong><em>Ι</em></strong></span> 
     </span>
    </p>
   </div>
   <div class='ocr_carea' id='block_1_8' title="bbox 0 0 1546 4962">
    <p class='ocr_par' dir='ltr' id='par_1_9' title="bbox 0 0 1546 4962">
     <span class='ocr_line' id='line_1_34' title="bbox 0 0 1546 4962; baseline 0 0"><span class='ocrx_word' id='word_1_271' title='bbox 0 0 1546 4962; x_wconf 95' lang='lat' dir='ltr'><strong> </strong></span> 
     </span>
    </p>
   </div>
  </div>
 </body>
</html>
