<?xml version="1.0" encoding="UTF-8"?>
<!DOCTYPE html PUBLIC "-//W3C//DTD XHTML 1.0 Transitional//EN"
    "http://www.w3.org/TR/xhtml1/DTD/xhtml1-transitional.dtd">
<html xmlns="http://www.w3.org/1999/xhtml" xml:lang="en" lang="en">
 <head>
  <title>
</title>
<meta http-equiv="Content-Type" content="text/html;charset=utf-8" />
  <meta name='ocr-system' content='tesseract 3.04.00' />
  <meta name='ocr-capabilities' content='ocr_page ocr_carea ocr_par ocr_line ocrx_word'/>
</head>
<body>
  <div class='ocr_page' id='page_1' title='image "./scriptorumarabu00algoog_0066.png"; bbox 0 0 3078 4964; ppageno 0'>
   <div class='ocr_carea' id='block_1_1' title="bbox 39 3849 72 3990">
    <p class='ocr_par' dir='ltr' id='par_1_1' title="bbox 39 3849 72 3990">
     <span class='ocr_line' id='line_1_1' title="bbox 67 3849 72 3874; baseline 0 0"><span class='ocrx_word' id='word_1_1' title='bbox 67 3849 72 3874; x_wconf 72' lang='lat' dir='ltr'>t</span> 
     </span>
     <span class='ocr_line' id='line_1_2' title="bbox 39 3911 41 3990; baseline 0 0"><span class='ocrx_word' id='word_1_2' title='bbox 39 3911 41 3990; x_wconf 79' lang='lat' dir='ltr'>i</span> 
     </span>
    </p>
   </div>
   <div class='ocr_carea' id='block_1_2' title="bbox 576 539 969 692">
    <p class='ocr_par' dir='ltr' id='par_1_2' title="bbox 576 539 969 692">
     <span class='ocr_line' id='line_1_3' title="bbox 576 539 788 606; baseline 0.019 -4"><span class='ocrx_word' id='word_1_3' title='bbox 576 539 788 606; x_wconf 43' lang='lat'>*41-</span> 
     </span>
     <span class='ocr_line' id='line_1_4' title="bbox 950 649 969 692; baseline 0 0"><span class='ocrx_word' id='word_1_4' title='bbox 950 649 969 692; x_wconf 77' lang='lat' dir='ltr'>o</span> 
     </span>
    </p>
   </div>
   <div class='ocr_carea' id='block_1_3' title="bbox 183 714 1273 1454">
    <p class='ocr_par' dir='ltr' id='par_1_3' title="bbox 183 714 1273 1454">
     <span class='ocr_line' id='line_1_5' title="bbox 184 714 1258 816; baseline 0.002 -28"><span class='ocrx_word' id='word_1_5' title='bbox 184 723 301 810; x_wconf 85' lang='lat' dir='ltr'>insigni</span> <span class='ocrx_word' id='word_1_6' title='bbox 308 720 333 764; x_wconf 81' lang='lat'>¹⁰</span> <span class='ocrx_word' id='word_1_7' title='bbox 344 726 457 790; x_wconf 77' lang='lat' dir='ltr'>favore</span> <span class='ocrx_word' id='word_1_8' title='bbox 471 731 505 816; x_wconf 78' lang='lat' dir='ltr'>et</span> <span class='ocrx_word' id='word_1_9' title='bbox 521 722 682 808; x_wconf 88' lang='lat' dir='ltr'>praesidio</span> <span class='ocrx_word' id='word_1_10' title='bbox 702 723 859 810; x_wconf 81' lang='lat' dir='ltr'>efiiceret,</span> <span class='ocrx_word' id='word_1_11' title='bbox 873 723 1040 790; x_wconf 76' lang='lat' dir='ltr'>clarissimi</span> <span class='ocrx_word' id='word_1_12' title='bbox 1059 734 1091 790; x_wconf 89' lang='lat' dir='ltr'>et</span> <span class='ocrx_word' id='word_1_13' title='bbox 1100 743 1179 812; x_wconf 89' lang='lat' dir='ltr'>prae</span> <span class='ocrx_word' id='word_1_14' title='bbox 1253 714 1258 730; x_wconf 89' lang='lat'><em>&#39;</em></span> 
     </span>
     <span class='ocr_line' id='line_1_6' title="bbox 184 815 1180 917; baseline 0.002 -19"><span class='ocrx_word' id='word_1_15' title='bbox 184 834 255 898; x_wconf 83' lang='lat' dir='ltr'>aliis</span> <span class='ocrx_word' id='word_1_16' title='bbox 269 835 348 898; x_wconf 87' lang='lat' dir='ltr'>noti.</span> <span class='ocrx_word' id='word_1_17' title='bbox 389 835 436 897; x_wconf 94' lang='lat' dir='ltr'>Ibi</span> <span class='ocrx_word' id='word_1_18' title='bbox 454 828 559 903; x_wconf 80' lang='lat' dir='ltr'>securi</span> <span class='ocrx_word' id='word_1_19' title='bbox 578 831 744 916; x_wconf 87' lang='lat' dir='ltr'>vivebant,</span> <span class='ocrx_word' id='word_1_20' title='bbox 765 853 806 895; x_wconf 90' lang='lat' dir='ltr'>ne</span> <span class='ocrx_word' id='word_1_21' title='bbox 824 833 951 915; x_wconf 91' lang='lat' dir='ltr'>publico</span> <span class='ocrx_word' id='word_1_22' title='bbox 973 824 1099 917; x_wconf 89' lang='lat' dir='ltr'>quidem</span> <span class='ocrx_word' id='word_1_23' title='bbox 1121 815 1180 900; x_wconf 76' lang='lat' dir='ltr'>sa-¹</span> 
     </span>
     <span class='ocr_line' id='line_1_7' title="bbox 183 936 1181 1024; baseline 0.001 -20"><span class='ocrx_word' id='word_1_24' title='bbox 183 959 310 1004; x_wconf 86' lang='lat' dir='ltr'>crorum</span> <span class='ocrx_word' id='word_1_25' title='bbox 331 959 393 1002; x_wconf 85' lang='lat' dir='ltr'>usu</span> <span class='ocrx_word' id='word_1_26' title='bbox 413 938 575 1024; x_wconf 72' lang='lat' dir='ltr'>prohibiti,</span> <span class='ocrx_word' id='word_1_27' title='bbox 602 939 648 1001; x_wconf 89' lang='lat' dir='ltr'>ita</span> <span class='ocrx_word' id='word_1_28' title='bbox 673 947 709 1001; x_wconf 91' lang='lat' dir='ltr'>ut</span> <span class='ocrx_word' id='word_1_29' title='bbox 723 940 841 1020; x_wconf 87' lang='lat' dir='ltr'>templa</span> <span class='ocrx_word' id='word_1_30' title='bbox 867 936 985 1024; x_wconf 82' lang='lat' dir='ltr'>magna</span> <span class='ocrx_word' id='word_1_31' title='bbox 1016 949 1048 1004; x_wconf 91' lang='lat' dir='ltr'>et</span> <span class='ocrx_word' id='word_1_32' title='bbox 1068 943 1181 1024; x_wconf 88' lang='lat' dir='ltr'>splen-</span> 
     </span>
     <span class='ocr_line' id='line_1_8' title="bbox 184 1040 1186 1129; baseline -0.002 -17"><span class='ocrx_word' id='word_1_33' title='bbox 184 1047 258 1112; x_wconf 88' lang='lat' dir='ltr'>dida</span> <span class='ocrx_word' id='word_1_34' title='bbox 277 1040 446 1112; x_wconf 83' lang='lat' dir='ltr'>aedificare</span> <span class='ocrx_word' id='word_1_35' title='bbox 465 1055 600 1129; x_wconf 88' lang='lat' dir='ltr'>possent</span> <span class='ocrx_word' id='word_1_36' title='bbox 609 1046 640 1108; x_wconf 89' lang='lat'>¹¹.</span> <span class='ocrx_word' id='word_1_37' title='bbox 660 1047 767 1110; x_wconf 80' lang='lat' dir='ltr'>Etiam</span> <span class='ocrx_word' id='word_1_38' title='bbox 786 1049 988 1128; x_wconf 85' lang='lat' dir='ltr'>praefectum</span> <span class='ocrx_word' id='word_1_39' title='bbox 1007 1069 1029 1114; x_wconf 80' lang='lat' dir='ltr'>a</span> <span class='ocrx_word' id='word_1_40' title='bbox 1041 1050 1186 1116; x_wconf 75' lang='lat' dir='ltr'>Battara.</span> 
     </span>
     <span class='ocr_line' id='line_1_9' title="bbox 185 1152 1273 1239; baseline 0.003 -20"><span class='ocrx_word' id='word_1_41' title='bbox 185 1177 228 1220; x_wconf 83' lang='lat' dir='ltr'>ex</span> <span class='ocrx_word' id='word_1_42' title='bbox 247 1175 286 1220; x_wconf 88' lang='lat' dir='ltr'>se</span> <span class='ocrx_word' id='word_1_43' title='bbox 305 1157 385 1238; x_wconf 87' lang='lat' dir='ltr'>ipsis</span> <span class='ocrx_word' id='word_1_44' title='bbox 404 1157 542 1219; x_wconf 89' lang='lat' dir='ltr'>electum</span> <span class='ocrx_word' id='word_1_45' title='bbox 561 1155 721 1218; x_wconf 87' lang='lat' dir='ltr'>habebant</span> <span class='ocrx_word' id='word_1_46' title='bbox 741 1154 782 1218; x_wconf 90' lang='lat' dir='ltr'>ad</span> <span class='ocrx_word' id='word_1_47' title='bbox 802 1155 852 1218; x_wconf 90' lang='lat' dir='ltr'>ius</span> <span class='ocrx_word' id='word_1_48' title='bbox 874 1154 1058 1239; x_wconf 81' lang='lat' dir='ltr'>dicendum,</span> <span class='ocrx_word' id='word_1_49' title='bbox 1094 1152 1187 1222; x_wconf 75' lang='lat' dir='ltr'>certo</span> <span class='ocrx_word' id='word_1_50' title='bbox 1271 1159 1273 1164; x_wconf 82' lang='lat'>&#39;</span> 
     </span>
     <span class='ocr_line' id='line_1_10' title="bbox 184 1261 1186 1355; baseline 0.005 -30"><span class='ocrx_word' id='word_1_51' title='bbox 184 1282 291 1346; x_wconf 84' lang='lat' dir='ltr'>usque</span> <span class='ocrx_word' id='word_1_52' title='bbox 319 1263 361 1327; x_wconf 89' lang='lat' dir='ltr'>ad</span> <span class='ocrx_word' id='word_1_53' title='bbox 396 1261 597 1355; x_wconf 81' lang='lat' dir='ltr'>Hauqolidae</span> <span class='ocrx_word' id='word_1_54' title='bbox 630 1271 775 1345; x_wconf 86' lang='lat' dir='ltr'>tempus,</span> <span class='ocrx_word' id='word_1_55' title='bbox 818 1263 886 1343; x_wconf 69' lang='lat' dir='ltr'>qui⁴</span> <span class='ocrx_word' id='word_1_56' title='bbox 904 1262 1075 1326; x_wconf 85' lang='lat' dir='ltr'>Batharam</span> <span class='ocrx_word' id='word_1_57' title='bbox 1107 1272 1186 1330; x_wconf 79' lang='lat' dir='ltr'>tuno</span> 
     </span>
     <span class='ocr_line' id='line_1_11' title="bbox 183 1365 1201 1454; baseline -0.001 -19"><span class='ocrx_word' id='word_1_58' title='bbox 183 1379 371 1454; x_wconf 82' lang='lat' dir='ltr'>regnantem</span> <span class='ocrx_word' id='word_1_59' title='bbox 392 1387 450 1432; x_wconf 87' lang='lat' dir='ltr'>eos</span> <span class='ocrx_word' id='word_1_60' title='bbox 470 1371 534 1432; x_wconf 92' lang='lat' dir='ltr'>hoc</span> <span class='ocrx_word' id='word_1_61' title='bbox 554 1369 624 1431; x_wconf 88' lang='lat' dir='ltr'>iure</span> <span class='ocrx_word' id='word_1_62' title='bbox 643 1369 792 1449; x_wconf 85' lang='lat' dir='ltr'>privasse</span> <span class='ocrx_word' id='word_1_63' title='bbox 816 1365 948 1432; x_wconf 86' lang='lat' dir='ltr'>tradit¹².</span> <span class='ocrx_word' id='word_1_64' title='bbox 982 1369 1088 1432; x_wconf 88' lang='lat' dir='ltr'>Situm</span> <span class='ocrx_word' id='word_1_65' title='bbox 1115 1370 1201 1434; x_wconf 77' lang='lat' dir='ltr'>eius</span> 
     </span>
    </p>
   </div>
   <div class='ocr_carea' id='block_1_4' title="bbox 143 1469 1183 1560">
    <p class='ocr_par' dir='ltr' id='par_1_4' title="bbox 143 1469 1183 1560">
     <span class='ocr_line' id='line_1_12' title="bbox 143 1469 1183 1560; baseline 0.001 -19"><span class='ocrx_word' id='word_1_66' title='bbox 143 1509 152 1518; x_wconf 89' lang='lat'><em>·</em></span> <span class='ocrx_word' id='word_1_67' title='bbox 184 1469 312 1542; x_wconf 82' lang='lat' dir='ltr'>ditioriis</span> <span class='ocrx_word' id='word_1_68' title='bbox 343 1477 423 1541; x_wconf 88' lang='lat' dir='ltr'>satis</span> <span class='ocrx_word' id='word_1_69' title='bbox 456 1483 606 1540; x_wconf 85' lang='lat' dir='ltr'>accurate</span> <span class='ocrx_word' id='word_1_70' title='bbox 633 1475 784 1540; x_wconf 88' lang='lat' dir='ltr'>definiunt</span> <span class='ocrx_word' id='word_1_71' title='bbox 816 1477 1011 1560; x_wconf 78' lang='lat' dir='ltr'>antiquiores</span> <span class='ocrx_word' id='word_1_72' title='bbox 1038 1476 1183 1542; x_wconf 78' lang='lat' dir='ltr'><strong>Arabes:</strong></span> 
     </span>
    </p>
   </div>
   <div class='ocr_carea' id='block_1_5' title="bbox 185 1583 1183 1777">
    <p class='ocr_par' dir='ltr' id='par_1_5' title="bbox 185 1583 1183 1777">
     <span class='ocr_line' id='line_1_13' title="bbox 185 1583 1181 1678; baseline 0.003 -30"><span class='ocrx_word' id='word_1_73' title='bbox 185 1604 258 1654; x_wconf 89' lang='lat' dir='ltr'>eam</span> <span class='ocrx_word' id='word_1_74' title='bbox 291 1583 491 1665; x_wconf 86' lang='lat' dir='ltr'>Hauqalides</span> <span class='ocrx_word' id='word_1_75' title='bbox 527 1583 744 1664; x_wconf 75' lang='lat' dir='ltr'>aKambbya</span> <span class='ocrx_word' id='word_1_76' title='bbox 772 1603 876 1666; x_wconf 88' lang='lat' dir='ltr'>usque</span> <span class='ocrx_word' id='word_1_77' title='bbox 916 1584 958 1648; x_wconf 89' lang='lat' dir='ltr'>ad</span> <span class='ocrx_word' id='word_1_78' title='bbox 997 1583 1181 1678; x_wconf 64' lang='lat' dir='ltr'>Qaimirram</span> 
     </span>
     <span class='ocr_line' id='line_1_14' title="bbox 186 1687 1183 1777; baseline 0.002 -21"><span class='ocrx_word' id='word_1_79' title='bbox 186 1711 225 1756; x_wconf 88' lang='lat' dir='ltr'>se</span> <span class='ocrx_word' id='word_1_80' title='bbox 254 1692 450 1776; x_wconf 80' lang='lat' dir='ltr'>extendisse,</span> <span class='ocrx_word' id='word_1_81' title='bbox 481 1699 515 1756; x_wconf 91' lang='lat' dir='ltr'>et</span> <span class='ocrx_word' id='word_1_82' title='bbox 541 1700 647 1755; x_wconf 90' lang='lat' dir='ltr'>vetus·</span> <span class='ocrx_word' id='word_1_83' title='bbox 666 1687 898 1774; x_wconf 84' lang='lat' dir='ltr'>lndopleusta¹³</span> <span class='ocrx_word' id='word_1_84' title='bbox 925 1711 997 1760; x_wconf 88' lang='lat' dir='ltr'>cum</span> <span class='ocrx_word' id='word_1_85' title='bbox 1019 1694 1183 1777; x_wconf 87' lang='lat' dir='ltr'>provincia</span> 
     </span>
    </p>
   </div>
   <div class='ocr_carea' id='block_1_6' title="bbox 174 1793 1183 1891">
    <p class='ocr_par' dir='ltr' id='par_1_6' title="bbox 174 1793 1183 1891">
     <span class='ocr_line' id='line_1_15' title="bbox 174 1793 1183 1891; baseline 0.003 -29"><span class='ocrx_word' id='word_1_86' title='bbox 174 1801 346 1891; x_wconf 66' lang='lat' dir='ltr'>=Kemkem</span> <span class='ocrx_word' id='word_1_87' title='bbox 357 1793 381 1836; x_wconf 65' lang='lat'>¹⁴</span> <span class='ocrx_word' id='word_1_88' title='bbox 401 1800 555 1863; x_wconf 82' lang='lat' dir='ltr'>confinem</span> <span class='ocrx_word' id='word_1_89' title='bbox 574 1801 675 1863; x_wconf 84' lang='lat' dir='ltr'>fuisse</span> <span class='ocrx_word' id='word_1_90' title='bbox 696 1800 849 1882; x_wconf 84' lang='lat' dir='ltr'>perhibet.</span> <span class='ocrx_word' id='word_1_91' title='bbox 868 1799 920 1862; x_wconf 86' lang='lat' dir='ltr'>Ab</span> <span class='ocrx_word' id='word_1_92' title='bbox 937 1801 990 1863; x_wconf 48' lang='lat' dir='ltr'>¹his</span> <span class='ocrx_word' id='word_1_93' title='bbox 1004 1802 1075 1866; x_wconf 82' lang='lat' dir='ltr'>iam·</span> <span class='ocrx_word' id='word_1_94' title='bbox 1088 1804 1183 1884; x_wconf 87' lang='lat' dir='ltr'>paulo</span> 
     </span>
    </p>
   </div>
   <div class='ocr_carea' id='block_1_7' title="bbox 184 1903 1217 2982">
    <p class='ocr_par' dir='ltr' id='par_1_7' title="bbox 184 1903 1217 2982">
     <span class='ocr_line' id='line_1_16' title="bbox 184 1903 1181 1992; baseline 0 -21"><span class='ocrx_word' id='word_1_95' title='bbox 184 1906 338 1971; x_wconf 79' lang='lat' dir='ltr'>recedere</span> <span class='ocrx_word' id='word_1_96' title='bbox 358 1905 483 1970; x_wconf 89' lang='lat' dir='ltr'>videtur</span> <span class='ocrx_word' id='word_1_97' title='bbox 513 1903 727 1991; x_wconf 79' lang='lat' dir='ltr'>Masirdius¹⁵,</span> <span class='ocrx_word' id='word_1_98' title='bbox 750 1908 808 1990; x_wconf 88' lang='lat' dir='ltr'>qui</span> <span class='ocrx_word' id='word_1_99' title='bbox 828 1911 962 1992; x_wconf 85' lang='lat' dir='ltr'>regnurn&#39;</span> <span class='ocrx_word' id='word_1_100' title='bbox 983 1909 1064 1971; x_wconf 89' lang='lat' dir='ltr'>inter</span> <span class='ocrx_word' id='word_1_101' title='bbox 1086 1903 1181 1972; x_wconf 80' lang='lat' dir='ltr'>mon&#39;-</span> 
     </span>
     <span class='ocr_line' id='line_1_17' title="bbox 186 2015 1180 2106; baseline 0.006 -30"><span class='ocrx_word' id='word_1_102' title='bbox 186 2022 238 2077; x_wconf 91' lang='lat' dir='ltr'>tes</span> <span class='ocrx_word' id='word_1_103' title='bbox 269 2016 364 2078; x_wconf 90' lang='lat' dir='ltr'>situm</span> <span class='ocrx_word' id='word_1_104' title='bbox 392 2024 426 2078; x_wconf 86' lang='lat' dir='ltr'>et</span> <span class='ocrx_word' id='word_1_105' title='bbox 451 2015 563 2080; x_wconf 89' lang='lat' dir='ltr'>urbem</span> <span class='ocrx_word' id='word_1_106' title='bbox 594 2017 797 2099; x_wconf 82' lang='lat' dir='ltr'>Principalem</span> <span class='ocrx_word' id='word_1_107' title='bbox 821 2017 948 2080; x_wconf 76' lang='lat' dir='ltr'>Mainkir</span> <span class='ocrx_word' id='word_1_108' title='bbox 968 2019 1071 2081; x_wconf 85' lang='lat' dir='ltr'>fuisse</span> <span class='ocrx_word' id='word_1_109' title='bbox 1092 2017 1180 2106; x_wconf 79' lang='lat' dir='ltr'>dicit,</span> 
     </span>
     <span class='ocr_line' id='line_1_18' title="bbox 186 2124 1181 2216; baseline 0.002 -26"><span class='ocrx_word' id='word_1_110' title='bbox 186 2126 352 2208; x_wconf 83' lang='lat' dir='ltr'>octoginta</span> <span class='ocrx_word' id='word_1_111' title='bbox 372 2127 563 2208; x_wconf 79' lang='lat' dir='ltr'>parasangis</span> <span class='ocrx_word' id='word_1_112' title='bbox 587 2124 706 2216; x_wconf 88' lang='lat' dir='ltr'>Indicis</span> <span class='ocrx_word' id='word_1_113' title='bbox 733 2145 754 2188; x_wconf 89' lang='lat' dir='ltr'>a</span> <span class='ocrx_word' id='word_1_114' title='bbox 780 2127 859 2188; x_wconf 89' lang='lat' dir='ltr'>mari</span> <span class='ocrx_word' id='word_1_115' title='bbox 883 2136 1045 2191; x_wconf 89' lang='lat' dir='ltr'>remotam.</span> <span class='ocrx_word' id='word_1_116' title='bbox 1086 2129 1181 2192; x_wconf 89' lang='lat' dir='ltr'>Hanc</span> 
     </span>
     <span class='ocr_line' id='line_1_19' title="bbox 185 2217 1180 2337; baseline 0.004 -41"><span class='ocrx_word' id='word_1_117' title='bbox 185 2234 283 2296; x_wconf 88' lang='lat' dir='ltr'>etiam</span> <span class='ocrx_word' id='word_1_118' title='bbox 303 2235 427 2297; x_wconf 89' lang='lat' dir='ltr'>nomine</span> <span class='ocrx_word' id='word_1_119' title='bbox 447 2217 559 2333; x_wconf 49' lang='lat' dir='ltr'>&amp;pist</span> <span class='ocrx_word' id='word_1_120' title='bbox 583 2251 610 2337; x_wconf 65' lang='lat' dir='ltr'>t)-</span> <span class='ocrx_word' id='word_1_121' title='bbox 611 2221 669 2326; x_wconf 64' lang='lat' dir='ltr'>,d</span> <span class='ocrx_word' id='word_1_122' title='bbox 683 2235 840 2320; x_wconf 77' lang='lat' dir='ltr'>designat,</span> <span class='ocrx_word' id='word_1_123' title='bbox 849 2235 931 2318; x_wconf 92' lang='lat' dir='ltr'>quod</span> <span class='ocrx_word' id='word_1_124' title='bbox 940 2244 1043 2299; x_wconf 90' lang='lat' dir='ltr'>utrum</span> <span class='ocrx_word' id='word_1_125' title='bbox 1051 2237 1180 2300; x_wconf 88' lang='lat' dir='ltr'>cumDe</span> 
     </span>
     <span class='ocr_line' id='line_1_20' title="bbox 184 2355 1182 2443; baseline 0.004 -21"><span class='ocrx_word' id='word_1_126' title='bbox 184 2355 336 2442; x_wconf 78' lang='lat' dir='ltr'>Guigries</span> <span class='ocrx_word' id='word_1_127' title='bbox 343 2379 399 2441; x_wconf 89' lang='lat' dir='ltr'>pro</span> <span class='ocrx_word' id='word_1_128' title='bbox 416 2359 541 2422; x_wconf 87' lang='lat' dir='ltr'>nomine</span> <span class='ocrx_word' id='word_1_129' title='bbox 561 2359 686 2441; x_wconf 89' lang='lat' dir='ltr'>proprio</span> <span class='ocrx_word' id='word_1_130' title='bbox 700 2359 919 2442; x_wconf 88' lang='lat' dir='ltr'>accipiendum</span> <span class='ocrx_word' id='word_1_131' title='bbox 939 2379 980 2422; x_wconf 88' lang='lat' dir='ltr'>an</span> <span class='ocrx_word' id='word_1_132' title='bbox 995 2355 1051 2443; x_wconf 82' lang='lat' dir='ltr'>per</span> <span class='ocrx_word' id='word_1_133' title='bbox 1071 2361 1182 2426; x_wconf 90' lang='lat' dir='ltr'>urbem</span> 
     </span>
     <span class='ocr_line' id='line_1_21' title="bbox 184 2466 1217 2553; baseline 0.001 -23"><span class='ocrx_word' id='word_1_134' title='bbox 184 2468 390 2549; x_wconf 79' lang='lat' dir='ltr'>principalem</span> <span class='ocrx_word' id='word_1_135' title='bbox 405 2468 623 2550; x_wconf 87' lang='lat' dir='ltr'>explicandum</span> <span class='ocrx_word' id='word_1_136' title='bbox 631 2468 685 2548; x_wconf 86' lang='lat' dir='ltr'>sit,</span> <span class='ocrx_word' id='word_1_137' title='bbox 694 2489 756 2529; x_wconf 90' lang='lat' dir='ltr'>non</span> <span class='ocrx_word' id='word_1_138' title='bbox 771 2486 901 2549; x_wconf 88' lang='lat' dir='ltr'>prorsus</span> <span class='ocrx_word' id='word_1_139' title='bbox 915 2468 1021 2548; x_wconf 85' lang='lat' dir='ltr'>liquet.</span> <span class='ocrx_word' id='word_1_140' title='bbox 1034 2466 1185 2551; x_wconf 78' lang='lat' dir='ltr'>Geogra-</span> <span class='ocrx_word' id='word_1_141' title='bbox 1211 2538 1217 2553; x_wconf 24' lang='grc' dir='ltr'>ι</span> 
     </span>
     <span class='ocr_line' id='line_1_22' title="bbox 186 2569 1185 2660; baseline 0.002 -24"><span class='ocrx_word' id='word_1_142' title='bbox 186 2575 270 2658; x_wconf 90' lang='lat' dir='ltr'>phus</span> <span class='ocrx_word' id='word_1_143' title='bbox 294 2575 468 2637; x_wconf 88' lang='lat' dir='ltr'>Nubiensis</span> <span class='ocrx_word' id='word_1_144' title='bbox 490 2576 560 2638; x_wconf 88' lang='lat' dir='ltr'>eius</span> <span class='ocrx_word' id='word_1_145' title='bbox 581 2573 692 2637; x_wconf 87' lang='lat' dir='ltr'>sedem</span> <span class='ocrx_word' id='word_1_146' title='bbox 712 2575 852 2636; x_wconf 89' lang='lat' dir='ltr'>nominat</span> <span class='ocrx_word' id='word_1_147' title='bbox 872 2574 1089 2649; x_wconf 78' lang='lat' dir='ltr'>Nablavairam</span> <span class='ocrx_word' id='word_1_148' title='bbox 1101 2569 1136 2660; x_wconf 82' lang='lat'>¹⁶,</span> <span class='ocrx_word' id='word_1_149' title='bbox 1154 2577 1185 2640; x_wconf 91' lang='lat' dir='ltr'>in</span> 
     </span>
     <span class='ocr_line' id='line_1_23' title="bbox 185 2665 1184 2764; baseline -0.001 -18"><span class='ocrx_word' id='word_1_150' title='bbox 185 2701 283 2764; x_wconf 89' lang='lat' dir='ltr'>quam</span> <span class='ocrx_word' id='word_1_151' title='bbox 301 2683 407 2744; x_wconf 89' lang='lat' dir='ltr'>urbem</span> <span class='ocrx_word' id='word_1_152' title='bbox 433 2701 566 2764; x_wconf 85' lang='lat' dir='ltr'>regnum</span> <span class='ocrx_word' id='word_1_153' title='bbox 597 2667 711 2762; x_wconf 82' lang='lat' dir='ltr'>postea</span> <span class='ocrx_word' id='word_1_154' title='bbox 737 2680 878 2742; x_wconf 86' lang='lat' dir='ltr'>fortasse</span> <span class='ocrx_word' id='word_1_155' title='bbox 906 2681 1094 2743; x_wconf 87' lang='lat' dir='ltr'>translatum</span> <span class='ocrx_word' id='word_1_156' title='bbox 1109 2665 1184 2745; x_wconf 47' lang='lat' dir='ltr'>¹est</span> 
     </span>
     <span class='ocr_line' id='line_1_24' title="bbox 185 2766 1183 2875; baseline -0.002 -19"><span class='ocrx_word' id='word_1_157' title='bbox 185 2775 309 2856; x_wconf 78' lang='lat' dir='ltr'>Orines</span> <span class='ocrx_word' id='word_1_158' title='bbox 345 2789 560 2852; x_wconf 31' lang='lat' dir='ltr'>consentiunt*</span> <span class='ocrx_word' id='word_1_159' title='bbox 577 2787 747 2854; x_wconf 81' lang='lat' dir='ltr'>maximam</span> <span class='ocrx_word' id='word_1_160' title='bbox 775 2787 844 2850; x_wconf 86' lang='lat' dir='ltr'>eius</span> <span class='ocrx_word' id='word_1_161' title='bbox 870 2790 973 2852; x_wconf 79' lang='lat' dir='ltr'>fuisse</span> <span class='ocrx_word' id='word_1_162' title='bbox 1000 2766 1183 2875; x_wconf 81' lang='lat' dir='ltr'>potentiam,</span> 
     </span>
     <span class='ocr_line' id='line_1_25' title="bbox 184 2895 1188 2982; baseline 0.004 -23"><span class='ocrx_word' id='word_1_163' title='bbox 184 2898 280 2981; x_wconf 87' lang='lat' dir='ltr'>eique</span> <span class='ocrx_word' id='word_1_164' title='bbox 289 2898 384 2960; x_wconf 89' lang='lat' dir='ltr'>etiam</span> <span class='ocrx_word' id='word_1_165' title='bbox 397 2898 604 2982; x_wconf 83' lang='lat' dir='ltr'>principatum</span> <span class='ocrx_word' id='word_1_166' title='bbox 616 2897 648 2960; x_wconf 93' lang='lat' dir='ltr'>in</span> <span class='ocrx_word' id='word_1_167' title='bbox 659 2897 798 2978; x_wconf 87' lang='lat' dir='ltr'>reliquos</span> <span class='ocrx_word' id='word_1_168' title='bbox 809 2895 918 2972; x_wconf 87' lang='lat' dir='ltr'>Indiae</span> <span class='ocrx_word' id='word_1_169' title='bbox 926 2917 1023 2982; x_wconf 85' lang='lat' dir='ltr'>reges</span> <span class='ocrx_word' id='word_1_170' title='bbox 1035 2899 1090 2963; x_wconf 92' lang='lat' dir='ltr'>vel</span> <span class='ocrx_word' id='word_1_171' title='bbox 1098 2909 1188 2969; x_wconf 88' lang='lat' dir='ltr'>certe</span> 
     </span>
    </p>
   </div>
   <div class='ocr_carea' id='block_1_8' title="bbox 187 3065 431 3077">
    <p class='ocr_par' dir='ltr' id='par_1_8' title="bbox 187 3065 431 3077">
     <span class='ocr_line' id='line_1_26' title="bbox 187 3065 431 3077; baseline -0.008 -1"><span class='ocrx_word' id='word_1_172' title='bbox 187 3065 431 3077; x_wconf 51' lang='lat' dir='ltr'>——nn———ae—--w</span> 
     </span>
    </p>
   </div>
   <div class='ocr_carea' id='block_1_9' title="bbox 188 3129 727 3247">
    <p class='ocr_par' dir='ltr' id='par_1_9' title="bbox 188 3129 727 3247">
     <span class='ocr_line' id='line_1_27' title="bbox 188 3129 727 3247; baseline 0.004 -25"><span class='ocrx_word' id='word_1_173' title='bbox 188 3170 237 3238; x_wconf 78' lang='lat' dir='ltr'>te)</span> <span class='ocrx_word' id='word_1_174' title='bbox 255 3185 284 3233; x_wconf 87' lang='lat' dir='ltr'>p.</span> <span class='ocrx_word' id='word_1_175' title='bbox 301 3169 346 3224; x_wconf 78' lang='grc'>27.</span> <span class='ocrx_word' id='word_1_176' title='bbox 418 3129 467 3230; x_wconf 72' lang='lat' dir='ltr'>la)</span> <span class='ocrx_word' id='word_1_177' title='bbox 484 3176 551 3224; x_wconf 83' lang='lat' dir='ltr'>Ano.</span> <span class='ocrx_word' id='word_1_178' title='bbox 570 3174 663 3225; x_wconf 75' lang='lat' dir='ltr'>neti.</span> <span class='ocrx_word' id='word_1_179' title='bbox 680 3175 699 3224; x_wconf 91' lang='lat'>1.</span> <span class='ocrx_word' id='word_1_180' title='bbox 723 3221 727 3247; x_wconf 64' lang='lat'>‚</span> 
     </span>
    </p>
   </div>
   <div class='ocr_carea' id='block_1_10' title="bbox 132 3265 1186 3366">
    <p class='ocr_par' dir='ltr' id='par_1_10' title="bbox 132 3265 1186 3366">
     <span class='ocr_line' id='line_1_28' title="bbox 132 3265 1186 3366; baseline 0.009 -35"><span class='ocrx_word' id='word_1_181' title='bbox 132 3337 137 3348; x_wconf 39' lang='grc' dir='ltr'><strong><em>Ι</em></strong></span> <span class='ocrx_word' id='word_1_182' title='bbox 188 3281 236 3348; x_wconf 85' lang='grc'>14)</span> <span class='ocrx_word' id='word_1_183' title='bbox 254 3265 355 3366; x_wconf 45' lang='lat' dir='ltr'>&amp;igni</span> <span class='ocrx_word' id='word_1_184' title='bbox 370 3286 509 3348; x_wconf 86' lang='lat' dir='ltr'>provincia</span> <span class='ocrx_word' id='word_1_185' title='bbox 531 3285 743 3348; x_wconf 84' lang='lat' dir='ltr'>septentrionem</span> <span class='ocrx_word' id='word_1_186' title='bbox 760 3299 891 3338; x_wconf 87' lang='lat' dir='ltr'>versosa</span> <span class='ocrx_word' id='word_1_187' title='bbox 913 3286 974 3338; x_wconf 70' lang='lat' dir='ltr'>(toa</span> <span class='ocrx_word' id='word_1_188' title='bbox 995 3288 1047 3340; x_wconf 88' lang='lat' dir='ltr'>sita</span> <span class='ocrx_word' id='word_1_189' title='bbox 1069 3293 1126 3356; x_wconf 87' lang='lat' dir='ltr'>est,</span> <span class='ocrx_word' id='word_1_190' title='bbox 1158 3295 1186 3340; x_wconf 83' lang='lat' dir='ltr'>ot</span> 
     </span>
    </p>
   </div>
   <div class='ocr_carea' id='block_1_11' title="bbox 187 3371 1185 3618">
    <p class='ocr_par' dir='ltr' id='par_1_11' title="bbox 187 3371 1185 3618">
     <span class='ocr_line' id='line_1_29' title="bbox 252 3371 1185 3439; baseline 0.003 -18"><span class='ocrx_word' id='word_1_191' title='bbox 252 3371 411 3436; x_wconf 81' lang='lat' dir='ltr'>plerumque</span> <span class='ocrx_word' id='word_1_192' title='bbox 433 3377 535 3438; x_wconf 88' lang='lat' dir='ltr'>septem</span> <span class='ocrx_word' id='word_1_193' title='bbox 558 3374 750 3424; x_wconf 83' lang='lat' dir='ltr'>Konkanarum</span> <span class='ocrx_word' id='word_1_194' title='bbox 770 3385 869 3424; x_wconf 86' lang='lat' dir='ltr'>nomon</span> <span class='ocrx_word' id='word_1_195' title='bbox 892 3374 970 3439; x_wconf 83' lang='lat' dir='ltr'>gerit.</span> <span class='ocrx_word' id='word_1_196' title='bbox 993 3375 1026 3425; x_wconf 83' lang='lat' dir='ltr'>R.</span> <span class='ocrx_word' id='word_1_197' title='bbox 1050 3375 1114 3426; x_wconf 67' lang='lat' dir='ltr'>Tar.</span> <span class='ocrx_word' id='word_1_198' title='bbox 1136 3373 1185 3435; x_wconf 82' lang='lat' dir='ltr'>tv,</span> 
     </span>
     <span class='ocr_line' id='line_1_30' title="bbox 253 3462 729 3536; baseline 0 -20"><span class='ocrx_word' id='word_1_199' title='bbox 253 3463 321 3516; x_wconf 79' lang='grc'><strong>160.</strong></span> <span class='ocrx_word' id='word_1_200' title='bbox 354 3465 444 3518; x_wconf 86' lang='lat' dir='ltr'>Wilso</span> <span class='ocrx_word' id='word_1_201' title='bbox 461 3467 589 3518; x_wconf 73' lang='lat' dir='ltr'>Aeliae</span> <span class='ocrx_word' id='word_1_202' title='bbox 605 3466 668 3536; x_wconf 64' lang='lat' dir='ltr'>XV,</span> <span class='ocrx_word' id='word_1_203' title='bbox 685 3462 729 3516; x_wconf 76' lang='lat'>47.</span> 
     </span>
     <span class='ocr_line' id='line_1_31' title="bbox 187 3552 407 3618; baseline 0.023 -17"><span class='ocrx_word' id='word_1_204' title='bbox 187 3552 236 3612; x_wconf 75' lang='lat'>15)</span> <span class='ocrx_word' id='word_1_205' title='bbox 254 3567 281 3618; x_wconf 90' lang='lat' dir='ltr'>p.</span> <span class='ocrx_word' id='word_1_206' title='bbox 302 3554 346 3604; x_wconf 82' lang='lat'>13.</span> <span class='ocrx_word' id='word_1_207' title='bbox 362 3556 407 3606; x_wconf 70' lang='lat'>25.</span> 
     </span>
    </p>
   </div>
   <div class='ocr_carea' id='block_1_12' title="bbox 188 3641 1186 3879">
    <p class='ocr_par' dir='ltr' id='par_1_12' title="bbox 188 3641 1186 3879">
     <span class='ocr_line' id='line_1_32' title="bbox 188 3641 1186 3728; baseline -0.003 -34"><span class='ocrx_word' id='word_1_208' title='bbox 188 3644 237 3704; x_wconf 80' lang='lat' dir='ltr'>lc)</span> <span class='ocrx_word' id='word_1_209' title='bbox 254 3661 282 3710; x_wconf 88' lang='lat' dir='ltr'>p.</span> <span class='ocrx_word' id='word_1_210' title='bbox 301 3646 344 3698; x_wconf 84' lang='grc'>71.</span> <span class='ocrx_word' id='word_1_211' title='bbox 377 3647 467 3698; x_wconf 82' lang='lat' dir='ltr'>Minus</span> <span class='ocrx_word' id='word_1_212' title='bbox 484 3649 552 3698; x_wconf 87' lang='lat' dir='ltr'>bene</span> <span class='ocrx_word' id='word_1_213' title='bbox 571 3647 695 3700; x_wconf 82' lang='lat' dir='ltr'>scribitur</span> <span class='ocrx_word' id='word_1_214' title='bbox 716 3645 889 3728; x_wconf 66' lang='lat' dir='ltr'>Nabravdla,</span> <span class='ocrx_word' id='word_1_215' title='bbox 909 3659 972 3700; x_wconf 88' lang='lat' dir='ltr'>nam</span> <span class='ocrx_word' id='word_1_216' title='bbox 994 3656 1090 3697; x_wconf 88' lang='lat' dir='ltr'>nomen</span> <span class='ocrx_word' id='word_1_217' title='bbox 1113 3641 1186 3694; x_wconf 84' lang='lat' dir='ltr'>indi-</span> 
     </span>
     <span class='ocr_line' id='line_1_33' title="bbox 255 3726 1186 3806; baseline -0.003 -26"><span class='ocrx_word' id='word_1_218' title='bbox 255 3742 318 3780; x_wconf 87' lang='lat' dir='ltr'>cum</span> <span class='ocrx_word' id='word_1_219' title='bbox 336 3733 378 3780; x_wconf 87' lang='lat' dir='ltr'>est</span> <span class='ocrx_word' id='word_1_220' title='bbox 393 3738 532 3789; x_wconf 59' lang='lat' dir='ltr'>mariz.</span> <span class='ocrx_word' id='word_1_221' title='bbox 565 3730 651 3782; x_wconf 81' lang='lat' dir='ltr'>Hodie</span> <span class='ocrx_word' id='word_1_222' title='bbox 669 3735 763 3783; x_wconf 87' lang='lat' dir='ltr'>eodem</span> <span class='ocrx_word' id='word_1_223' title='bbox 783 3733 846 3784; x_wconf 86' lang='lat' dir='ltr'>loeo</span> <span class='ocrx_word' id='word_1_224' title='bbox 862 3735 906 3782; x_wconf 82' lang='lat' dir='ltr'>est</span> <span class='ocrx_word' id='word_1_225' title='bbox 927 3733 991 3806; x_wconf 78' lang='lat' dir='ltr'>urbs</span> <span class='ocrx_word' id='word_1_226' title='bbox 1013 3726 1186 3779; x_wconf 81' lang='lat' dir='ltr'>Annulvarra</span> 
     </span>
     <span class='ocr_line' id='line_1_34' title="bbox 256 3809 1181 3879; baseline -0.004 -15"><span class='ocrx_word' id='word_1_227' title='bbox 256 3815 370 3879; x_wconf 81' lang='lat' dir='ltr'>Puttan,</span> <span class='ocrx_word' id='word_1_228' title='bbox 393 3815 468 3864; x_wconf 85' lang='lat' dir='ltr'>cuius</span> <span class='ocrx_word' id='word_1_229' title='bbox 490 3813 642 3865; x_wconf 84' lang='lat' dir='ltr'>suburbium</span> <span class='ocrx_word' id='word_1_230' title='bbox 666 3817 750 3867; x_wconf 82' lang='lat' dir='ltr'>adnuo</span> <span class='ocrx_word' id='word_1_231' title='bbox 772 3822 869 3869; x_wconf 88' lang='lat' dir='ltr'>vetere</span> <span class='ocrx_word' id='word_1_232' title='bbox 892 3815 997 3865; x_wconf 88' lang='lat' dir='ltr'>nomine</span> <span class='ocrx_word' id='word_1_233' title='bbox 1019 3809 1181 3873; x_wconf 87' lang='lat' dir='ltr'>appellatum</span> 
     </span>
    </p>
   </div>
   <div class='ocr_carea' id='block_1_13' title="bbox 256 3893 1226 4065">
    <p class='ocr_par' dir='ltr' id='par_1_13' title="bbox 256 3893 1226 4065">
     <span class='ocr_line' id='line_1_35' title="bbox 260 3893 1226 3968; baseline -0.004 -14"><span class='ocrx_word' id='word_1_234' title='bbox 260 3903 481 3968; x_wconf 41' lang='lat' dir='ltr'>invenitpi&#39;odius</span> <span class='ocrx_word' id='word_1_235' title='bbox 504 3905 600 3954; x_wconf 70' lang='lat' dir='ltr'>Trans.</span> <span class='ocrx_word' id='word_1_236' title='bbox 626 3906 659 3954; x_wconf 85' lang='lat' dir='ltr'>R.</span> <span class='ocrx_word' id='word_1_237' title='bbox 681 3906 729 3955; x_wconf 83' lang='lat' dir='ltr'>As.</span> <span class='ocrx_word' id='word_1_238' title='bbox 753 3899 1066 3968; x_wconf 72' lang='lat' dir='ltr'>soe;1‚aoe,quiiu</span> <span class='ocrx_word' id='word_1_239' title='bbox 1087 3893 1186 3962; x_wconf 79' lang='lat' dir='ltr'>prinus·</span> <span class='ocrx_word' id='word_1_240' title='bbox 1215 3899 1226 3912; x_wconf 84' lang='lat'>&#39;</span> 
     </span>
     <span class='ocr_line' id='line_1_36' title="bbox 256 3991 1200 4065; baseline -0.007 -16"><span class='ocrx_word' id='word_1_241' title='bbox 256 3997 394 4062; x_wconf 79' lang='lat' dir='ltr'>detegisse</span> <span class='ocrx_word' id='word_1_242' title='bbox 410 3995 460 4047; x_wconf 86' lang='lat' dir='ltr'>sibi</span> <span class='ocrx_word' id='word_1_243' title='bbox 475 3995 549 4047; x_wconf 80' lang='lat' dir='ltr'>visus</span> <span class='ocrx_word' id='word_1_244' title='bbox 565 4001 616 4048; x_wconf 88' lang='lat' dir='ltr'>est.</span> <span class='ocrx_word' id='word_1_245' title='bbox 649 3999 774 4050; x_wconf 78' lang='lat' dir='ltr'>Seritam</span> <span class='ocrx_word' id='word_1_246' title='bbox 796 3999 859 4051; x_wconf 87' lang='lat' dir='ltr'>ante</span> <span class='ocrx_word' id='word_1_247' title='bbox 883 4007 943 4046; x_wconf 82' lang='lat' dir='ltr'>cum</span> <span class='ocrx_word' id='word_1_248' title='bbox 965 3991 1200 4065; x_wconf 61' lang='lat' dir='ltr'>wiedentbaierus</span> 
     </span>
    </p>
   </div>
   <div class='ocr_carea' id='block_1_14' title="bbox 258 4093 782 4158">
    <p class='ocr_par' dir='ltr' id='par_1_14' title="bbox 258 4093 782 4158">
     <span class='ocr_line' id='line_1_37' title="bbox 258 4093 782 4158; baseline -0.008 -14"><span class='ocrx_word' id='word_1_249' title='bbox 258 4093 329 4145; x_wconf 81' lang='lat' dir='ltr'>idem</span> <span class='ocrx_word' id='word_1_250' title='bbox 345 4093 414 4144; x_wconf 90' lang='lat' dir='ltr'>bone</span> <span class='ocrx_word' id='word_1_251' title='bbox 430 4093 620 4143; x_wconf 85' lang='lat' dir='ltr'>annotaverat.</span> <span class='ocrx_word' id='word_1_252' title='bbox 636 4093 660 4158; x_wconf 89' lang='lat' dir='ltr'>i,</span> <span class='ocrx_word' id='word_1_253' title='bbox 676 4107 703 4155; x_wconf 90' lang='lat' dir='ltr'>p.</span> <span class='ocrx_word' id='word_1_254' title='bbox 720 4093 782 4146; x_wconf 60' lang='lat' dir='ltr'>aio.</span> 
     </span>
    </p>
   </div>
   <div class='ocr_carea' id='block_1_15' title="bbox 0 0 1544 4964">
    <p class='ocr_par' dir='ltr' id='par_1_15' title="bbox 0 0 1544 4964">
     <span class='ocr_line' id='line_1_38' title="bbox 0 0 1544 4964; baseline 0 0"><span class='ocrx_word' id='word_1_255' title='bbox 0 0 1544 4964; x_wconf 95' lang='lat' dir='ltr'> </span> 
     </span>
    </p>
   </div>
  </div>
 </body>
</html>
