3042 4966
728 555 769 567 -
816 523 876 588 tta
917 536 979 568 -·'

343 723 413 786 cas,
429 707 597 788 Zingioara
611 705 833 788 Nabathaeos,
867 704 1013 768 Graecas
1029 716 1061 768 et
1073 707 1230 790 Syriacas
1245 710 1342 772 etiam

341 813 469 874 Indicas
490 833 601 887 voces,
626 807 759 894 quaein
784 813 912 890 Qurdno
935 814 1100 896 leguntur,
1141 817 1340 897 explicavit.¹

340 919 501 982 Interdum
521 921 679 982 vocabula
700 919 810 981 Indica
829 913 937 984 rerum
960 922 1176 1005 potissimum,
1207 941 1289 1004 quae
1312 923 1344 982 in

340 1025 430 1089 ludia
450 1036 628 1088 nascuntur
647 1028 699 1087 vel
720 1027 751 1086 in
773 1045 832 1086 usu
854 1034 941 1110 sunt,
964 1026 1140 1091 laudantur.

423 1136 529 1214 Nihil,
560 1142 710 1214 quantum
739 1134 905 1212 hueusque
934 1134 1075 1212 seimus,
1119 1133 1159 1194 de
1193 1133 1341 1196 ludorum

340 1241 539 1322 philosophia
561 1239 686 1301 tradunt
707 1241 846 1321 Arabes,
869 1239 952 1320 quod
974 1259 1011 1300 eo
1030 1241 1133 1322 magis
1151 1242 1261 1302 mirum
1279 1249 1344 1322 est,

341 1357 437 1430 quum
458 1349 489 1408 iu
510 1349 649 1428 ipsorum
672 1347 834 1428 theologia
863 1349 1033 1410 maximam
1063 1350 1242 1409 exercuerit
1268 1349 1343 1410 vim.

341 1455 495 1517 Doctrina
517 1455 609 1534 euim,
633 1473 697 1534 qua
718 1472 796 1533 prae
817 1454 933 1514 ceteris
957 1453 1110 1514 effectum
1132 1462 1200 1534 est,
1232 1463 1266 1515 ut
1286 1457 1339 1515 la·
1449 1513 1452 1515 ,

340 1562 502 1625 lamismua
524 1581 639 1622 revera
660 1569 767 1622 arctos
790 1557 882 1651 lineo,
905 1560 964 1620 sibi
987 1561 1026 1620 ab
1056 1568 1188 1620 auctore
1218 1559 1341 1620 cousti-

341 1677 441 1751 tutos‚
464 1667 669 1750 egrederetur
692 1667 786 1728 etad
808 1668 951 1728 altiorem
968 1653 1125 1746 quandam
1139 1668 1341 1750 cogitationis

340 1775 512 1854 religiosae
533 1772 741 1834 conditionem
764 1779 795 1832 et
811 1761 943 1852 gradum
959 1772 1136 1854 efferretur3
1160 1769 1340 1861 Qirlismum

342 1882 424 1958 dico,
446 1903 498 1963 ca,
521 1901 701 1962 quanquam
725 1883 763 1942 ab
792 1881 952 1943 Arabibus
981 1882 1157 1944 seeundum
1184 1884 1340 1962 propriam

340 1989 481 2068 ipsorum
502 1997 641 2050 mentem
663 1997 696 2048 et
716 1988 876 2068 ingenium
897 1986 1052 2066 producta
1073 1996 1105 2049 et
1123 1998 1279 2069 promota,
1300 2009 1342 2051 ex

339 2097 486 2161 Indorum
506 2103 612 2158 tamen
633 2094 832 2175 philosophia
854 2104 886 2155 ot
908 2114 927 2154 e
956 2095 1082 2175 placitis
1114 2075 1237 2175 quidem
1254 2097 1341 2158 San-

339 2205 526 2286 khyicorum
549 2211 587 2286 οῖ’
609 2204 805 2284 Yogiccrum
835 2201 956 2263 initium
984 2204 1068 2284 oepit
1094 2222 1196 2283 eaque
1225 2205 1341 2286 placita

340 2315 422 2376 satis
449 2313 585 2374 fideliter
614 2309 835 2392 conservavit,
869 2308 900 2369 id
929 2309 1014 2390 quod
1052 2329 1145 2370 nemo
1178 2311 1341 2391 utriusque

340 2421 503 2483 doctrinae
524 2438 646 2502 gnarus
668 2419 857 2483 infitiabitur.
887 2417 960 2496 Quo
982 2402 1124 2498 tempore
1146 2427 1179 2479 et
1200 2437 1263 2498 qua
1284 2439 1339 2483 ra-

339 2530 424 2590 tione
447 2527 478 2588 id
499 2525 620 2588 faot'um
643 2525 685 2586 sit
691 2570 704 2608 ,
741 2526 821 2586 inter
848 2544 900 2586 res
923 2532 972 2585 est
993 2524 1255 2605 obscurissimae,
1279 2525 1340 2590 sed

267 2723 271 2730 Ὺ
339 2635 562 2716 diguissimam,
593 2654 674 2715 quae
704 2633 828 2714 penitus
863 2632 1061 2714 indagentur.
1106 2633 1203 2707 Certe
1231 2640 1338 2695 tamen

340 2765 381 2819 ex
402 2753 492 2825 parte
514 2744 596 2804 illius
618 2742 836 2822 philosophiae
857 2741 973 2822 placita
1000 2742 1063 2802 iam
1090 2750 1163 2803 ante
1184 2741 1337 2804 Muham-

253 2909 255 2912 ,
338 2854 438 2915 medis
460 2863 586 2932 tempus
611 2852 643 2912 in
671 2851 783 2911 Asiam
814 2851 1001 2912 anteriorem
1028 2859 1208 2930 propagata
1237 2857 1337 2929 erant,

339 2970 373 3022 ut
394 2962 667 3042 ex'gnosticorum
691 2976 815 3037 qnoque
835 2956 967 3017 historia
989 2955 1114 3016 ostendi
1135 2963 1255 3034 potest.

338 3056 344 3064 ’
420 3071 518 3130 Plura
539 3067 578 3128 de
600 3066 749 3126 ludorum
770 3065 922 3146 religione
944 3065 1070 3126 Arabes
1093 3072 1256 3144 comporta
1274 3063 1336 3125 ha-

339 3175 466 3256 bebant,
485 3191 586 3254 nsque
609 3183 715 3234 tamen
736 3192 776 3233 ea
797 3172 879 3232 hene
900 3172 1034 3252 digesta.
1076 3172 1208 3233 Notum,
1228 3181 1279 3234 est
1304 3179 1337 3232 et

283 3307 292 3315 ’
339 3283 434 3344 otiam
455 3282 494 3342 ab
515 3278 673 3342 hodiernis
693 3279 985 3361 peregrinatoribus
1008 3279 1224 3359 confirmatur,
1247 3279 1335 3340 Ara·

338 3389 396 3452 bos
417 3389 517 3470 vulgo
541 3388 580 3448 de
603 3389 722 3448 exteris
745 3387 870 3467 populis
898 3387 942 3446 nil
967 3388 1073 3466 magis
1095 3403 1218 3465 curare,
1243 3404 1336 3465 quam

339 3497 457 3578 placita
486 3513 596 3556 eorum
622 3494 935 3575 religiosa.'1taque
966 3494 1084 3554 multos
1117 3491 1157 3552 de
1188 3492 1336 3554 ludorum

337 3673 571 3690 ffl-

407 3766 582 3831 eoneerntnp
600 3768 644 3816 tae
661 3763 826 3830 processioa
845 3761 880 3826 of
894 3763 940 3811 tre
956 3761 1110 3827 squinones
1133 3761 1194 3813 ibid.
1222 3775 1248 3823 p.
1274 3759 1334 3814 ³24.

403 3875 459 3924 sqq.
477 3861 519 3910 hie
536 3859 642 3908 omuino
661 3859 702 3905 est
719 3855 892 3904 conferenda.

321 3925 325 3941 Ι
357 3949 386 4016 l)
403 3954 512 4002 Herbel.
530 3965 554 4004 s.
571 3965 598 3998 v.
616 3949 702 3996 Ketab
720 3947 747 3996 al
764 3942 954 3994 Motevakkal.
1266 4007 1268 4012 Ι

356 4042 387 4100 2)
404 4053 447 4104 ap.
465 4040 596 4095 cautum
612 4040 635 4103 1,
654 4037 716 4090 526.
782 4035 812 4092 3)
830 4047 857 4096 p,
875 4031 936 4092 172.
952 4031 1068 4085 Fleisch.
1132 4029 1165 4096 4)
1182 4031 1253 4085 intra
1268 4043 1294 4094 p.
1306 4032 1334 4082 8.
