3042 4966
409 1079 412 1086 ’
467 1131 709 1220 nxeursus
736 1134 794 1222 ao
818 1164 862 1248 p.
897 1135 974 1222 ts.
1019 1133 1100 1220 liu.
1127 1135 1177 1220 4.

762 1331 826 1386 not.
847 1325 880 1384 4.

779 1507 872 1520 ι-ι-ι-ι·

454 1601 530 1650 lianc
540 1598 712 1664 senteutiam,
724 1597 878 1662 quaeetiam
890 1597 1015 1648 Praebnii
1027 1610 1088 1648 esse
1101 1599 1218 1664 videtur,
1229 1599 1323 1647 contra

387 1689 568 1742 llamalrerum
587 1690 869 1754 ethlenbroekium,
889 1689 932 1752 qui
953 1689 1142 1740 dissertatione
1156 1687 1323 1753 descriptioni

388 1777 482 1830 lricae
493 1779 620 1830 Persicae
630 1780 778 1842 praemissa
787 1781 866 1828 docte
879 1784 907 1828 et
919 1783 1046 1828 accurate
1059 1779 1324 1845 dellauqalideeius-

388 1885 440 1936 que
448 1885 507 1920 cum
516 1869 707 1934 antiquioribus
719 1867 770 1918 illis
782 1859 1114 1934 geographiscognatione
1122 1851 1246 1933 egerunt,
1262 1871 1325 1919 bre-

388 1961 459 2009 viter
470 1959 667 2010 demonstrabo.
683 1957 803 2008 Censent
814 1957 845 2021 ii,
858 1959 1024 2021 llouqallden
1034 1950 1155 2008 secutum
1167 1959 1250 2008 irrisse
1259 1971 1324 2021 opus

387 2047 435 2097 lbn
445 2044 631 2098 libordridbabi
642 2047 772 2114 ciusdem,
786 2041 830 2108 qui
842 2049 869 2095 et
879 2045 1047 2112 lptbakbrius
1059 2047 1210 2098 nominatus
1221 2047 1325 2099 luisset.

387 2139 425 2188 At
441 2139 553 2201 primurn
568 2138 596 2188 bi
613 2139 683 2188 inter
705 2149 736 2186 se
759 2137 857 2186 diversi
884 2144 957 2202 sunt,
982 2143 1009 2189 et
1032 2139 1199 2206 lctbaklrrius
1221 2141 1323 2204 quidem

386 2233 482 2280 auctor
499 2230 542 2278 est
558 2228 617 2278 libri
635 2227 819 2294 Ouseleyani,
842 2221 887 2278 tte
906 2229 1043 2280 Oriental.
1059 2227 1234 2292 eeoprapty
1259 2236 1322 2294 ete,

388 2323 417 2368 ut
434 2319 518 2370 fusius
537 2320 667 2380 Uylcnbr.
691 2321 809 2370 ostendit
826 2335 852 2382 p.
869 2319 981 2373 ta-ro.
1016 2321 1065 2369 llic
1086 2326 1177 2370 auteur
1201 2321 1269 2375 liber
1290 2324 1324 2372 ab

387 2411 436 2460 lbn
466 2389 654 2462 Kbordidbabi
681 2423 763 2472 opere
789 2410 914 2461 diversus
945 2415 999 2473 estp
1033 2412 1149 2461 citantur
1176 2413 1245 2462 eninr
1271 2411 1324 2462 loci

315 2493 332 2557 s
388 2506 438 2555 Ibn
454 2500 659 2570 Kbordadbabi‚
677 2504 721 2568 qui
738 2505 765 2554 iu
780 2504 953 2566 Geograplria
970 2504 1100 2554 Orientali
1116 2519 1170 2554 non
1187 2485 1324 2568 leguntur.

387 2596 430 2644 lta
449 2596 540 2658 verba,
560 2607 629 2656 quae
648 2593 751 2658 (ieogr.
768 2596 838 2643 Nub.
854 2608 880 2658 p.
898 2595 934 2647 70
951 2607 986 2644 ex
1002 2593 1254 2651 lbnlibordridbabo
1274 2609 1325 2646 ex-

388 2683 502 2748 cerpsit,
529 2683 555 2732 in
575 2683 742 2747 llauqalidne
767 2688 842 2733 certe
866 2687 927 2734 cod.
944 2684 1020 2733 lleid.
1038 2697 1091 2734 non
1110 2690 1235 2750 exstant,
1252 2687 1323 2746 apud

329 2831 333 2838 ¹
390 2786 469 2836 quem
485 2772 544 2820 sine
562 2773 641 2821 dubio
659 2773 715 2836 legi
733 2773 870 2824 deberent.
917 2775 1027 2824 Clarum
1054 2761 1129 2826 illud'
1144 2771 1245 2824 saltui
1272 2775 1324 2826 iter

388 2865 438 2915 sub
457 2877 556 2914 annum
573 2865 625 2912 231
646 2861 710 2926 [inc.
728 2869 745 2914 6
763 2867 837 2926 Sept.
856 2864 922 2930 845)
940 2853 1063 2918 inAsiam
1081 2867 1322 2932 septentrionalem

386 2956 489 3004 iactum
506 2967 537 3002 se
554 2956 700 3004 secundum
718 2955 765 3004 lbu
784 2954 1008 3007 Kbordddbabum
1024 2971 1139 3008 narrare
1163 2958 1263 3008 diserte
1285 2959 1324 3008 alt

388 3045 488 3107 (iacgr.
505 3045 557 3106 N.;
573 3049 622 3093 sed
641 3046 674 3093 de
692 3057 726 3094 eo
744 3058 778 3094 ne
797 3045 908 3095 verbum
926 3047 1030 3109 quidem
1049 3047 1074 3096 in
1099 3048 1201 3111 Gcogr.
1225 3045 1322 3097 Orien-

388 3134 435 3183 tali
451 3134 552 3198 legitur
576 3131 623 3196 (cf.
647 3133 734 3184 Stiive
758 3136 799 3184 dle
820 3136 1012 3200 llandelsziige
1031 3139 1079 3186 der
1101 3139 1207 3187 Arabcr
1229 3150 1255 3197 p.
1279 3139 1322 3189 13.
1392 3182 1394 3186 .

387 3221 536 3272 Deficiente
553 3223 614 3272 mibi
632 3223 852 3288 materia‚,plura
869 3236 923 3273 non
947 3226 1034 3286 addo;
1066 3228 1115 3274 sed
1147 3225 1228 3274 etiarn
1256 3227 1323 3276 baec

390 3313 538 3380 sufficiunt,
556 3319 584 3363 et
601 3314 705 3376 plenius
723 3314 852 3376 disputari
869 3318 972 3365 tanturn
989 3319 1115 3378 poterunt
1138 3329 1172 3366 ex
1194 3316 1252 3376 ipso
1274 3292 1323 3366 ibn

388 3403 576 3458 Kbordidbabi
594 3419 694 3472 opere,
720 3407 744 3456 si
766 3420 866 3458 revera
891 3410 976 3456 adbuc
999 3412 1089 3458 exstat
1117 3407 1144 3456 in
1167 3408 1324 3457 bibliotheca

387 3493 547 3564 Bodlejana,
565 3497 654 3545 utUrii
664 3497 752 3546 Catal.
762 3511 786 3559 p.
795 3498 850 3548 ‘did
865 3498 958 3564 tradit,
975 3501 1010 3552 cf.
1018 3499 1182 3549 Praebnll.
1191 3514 1216 3562 p.
1224 3512 1323 3548 xxvur.

385 3585 467 3652 net..)
499 3587 602 3638 Deinde
620 3587 757 3651 utriusque
774 3601 873 3638 nonren
894 3602 1005 3656 prorsus
1024 3591 1160 3640 diversum
1187 3595 1245 3652 est,
1276 3577 1326 3640 lbu

386 3674 564 3731 Knordtunan
582 3677 733 3727 nominatur
756 3675 1016 3745 Kbordsrinensis,(
1003 3681 1080 3742 (.Uyl
1104 3695 1129 3742 p.
1157 3683 1192 3730 ee
1219 3681 1323 3730 duobus

385 3770 466 3828 loeis)
485 3771 546 3820 dum
563 3771 728 3836 lotbakbrius
745 3773 830 3820 Persa
851 3773 1003 3834 appellatur
1024 3774 1162 3834 Persepoli
1185 3775 1322 3824 oriundus.

366 3865 507 3942 ‘landem
524 3864 654 3929 rationes,
677 3866 771 3928 quibus
789 3865 859 3915 ducti
881 3867 929 3914 lbn
952 3862 1174 3916 Kbordtidbaburn
1195 3867 1246 3916 bue
1263 3869 1322 3916 tra-

386 3969 453 4007 xere
470 3958 520 4008 viri
538 3959 630 4022 doctt,
647 3957 761 4008 fallaces
778 3958 862 4008 tuere.
885 3959 941 4007 lios
965 3959 1109 4009 commovit
1130 3957 1256 4020 imprimis
1277 3957 1324 4008 lo-

388 4059 437 4097 eus
465 4048 547 4110 ipsius
579 4048 763 4114 llauqalldae,
808 4048 834 4099 iu
871 4063 923 4110 quo
954 4051 987 4098 do
1028 4048 1118 4110 operis
1145 4047 1188 4098 sui
1215 4047 1323 4097 ratione
