3042 4966
561 473 860 606 free-s

170 697 244 760 ‘eius
263 697 305 763 od
326 671 591 780 signo‘dustralie
613 697 778 758 transitum
796 695 970 756 invertetur
985 703 1089 756 terrae
1104 694 1174 756 oul-

175 811 240 884 tus,
263 805 307 892 ito
328 812 363 865 ut
381 803 470 866 'oulta
491 805 573 866 derit·
588 804 705 864 inonlte
730 809 761 862 et
782 802 900 863 inculta
920 802 1019 886 oulta,
1050 817 1090 862 ao
1117 819 1175 860 se-

175 911 310 991 ptentrio
332 911 361 970 in
383 910 544 971 meridiem
565 917 597 972 et
617 909 766 970 meridies
788 911 819 970 in
840 910 1087 988 septentrionem
1103 927 1176 968 mu-

176 1021 269 1080 tetur.
311 1016 347 1074 ln
377 1014 470 1075 domo
499 1033 595 1076 aurea
622 1009 674 1074 de*
692 1015 805 1094 prima'
821 1015 950 1095 periodo
978 997 1031 1075 'e't'
1048 1013 1214 1102 *epoche*
1271 1035 1275 1038 ·
1357 1034 1362 1044 ·

133 1175 139 1180 .
177 1121 405 1202 antiquissime,
428 1141 521 1202 quarn
542 1122 610 1183 Indi
625 1122 662 1183 in
683 1122 817 1185 historin
837 1131 968 1185 vetusto
990 1130 1177 1203 sequuntur,

177 1225 280 1308 deque
301 1229 371 1288 eins
393 1229 422 1288 in
446 1229 535 1290 ln'dia
556 1247 633 1309 pree
655 1229 771 1291 ceteris
792 1211 1179 1309 terrisinitio'computum

175 1335 327 1413 instituit3
359 1335 460 1396 multa
483 1335 565 1396 enirn
588 1332 628 1396 de
659 1335 812 1415 tenuioris
840 1335 1019 1416 primordiis
1049 1333 1178 1395 trudunt

176 1439 260 1520 lndi,
302 1458 383 1519 quae
406 1459 486 1520 noe,
520 1459 616 1522 qurum
638 1442 668 1500 in
690 1440 753 1502 hoo
774 1441 852 1503 libro
874 1455 926 1502 res
951 1461 1099 1504 enarrare
1119 1461 1180 1501 ne-

177 1567 239 1628 que
257 1547 433 1626 'disqnirere
454 1555 488 1607 et
508 1545 672 1626 disputare
693 1550 840 1628 velimus,
870 1545 1000 1622 deffeius
1022 1550 1068 1608 rei
1090 1567 1181 1610 sum-

177 1673 231 1716 me
252 1654 367 1714 iem'in
388 1654 465 1715 libro
488 1662 597 1715 nostro
619 1641 728 1715 Medio
751 1655 861 1736 locuti,
884 1653 937 1716 hio
958 1656 1139 1714 omittimus.

261 1764 344 1824 Sunt
364 1761 444 1823 inter
463 1762 577 1843 ludos,
600 1762 654 1841 qui
681 1769 803 1843 putent,
835 1761 1011 1842 quibusque
1040 1771 1176 1840 septua-

178 1868 269 1951 ginta
304 1869 452 1930 millibus'
475 1845 729 1929 hinorudnorum
757 1867 906 1930 mundum
937 1866 1043 1928 denuo
1071 1865 1180 1944 ordiri3

171 1991 219 2036 ‘eo
241 1977 323 2036 enim
344 1976 448 2056 spatio
471 1977 592 2057 elapso,
614 1975 749 2056 restitui,
773 1973 985 2054 quodcunque
1007 1972 1180 2059 exstiterit3
1203 2005 1204 2012 κ

181 2082 285 2144 denuo
307 2068 447 2148 existere
469 2081 663 2166 progeniem,
687 2083 789 2144 denuo
812 2081 903 2162 pasci
929 2079 1090 2161 pecudes,
1112 2080 1181 2140 ilir-

165 2189 281 2251 'otuuri
299 2166 413 2269 equos,
436 2188 583 2250 incedere
603 2188 741 2267 belluas,
762 2189 941 2268 germinare
962 2185 1094 2268 herboS,
1117 2203 1181 2246 uu-

179 2311 247 2354 rum
268 2294 403 2373 perflare
432 2299 558 2354 ventos.
602 2292 723 2355 Contra
749 2293 872 2372 plurimi
893 2289 1037 2352 statuunt
1063 2289 1182 2352 reditus

179 2419 282 2462 rerum
303 2400 479 2476 secundum
499 2399 647 2480 periodos
664 2400 860 2478 evenientes,
876 2399 990 2480 forma,
1000 2399 1032 2458 vi
1049 2405 1081 2458 et
1098 2415 1181 2476 quu-

179 2505 269 2566 litote
289 2486 369 2565 inter
389 2523 426 2565 se
447 2499 596 2566 εἰηιίΙοε,2
638 2503 675 2564 ld
696 2503 960 2564 eiroumsoribunt
982 2503 1116 2585 termino
1139 2521 1179 2564 ao

179 2615 320 2692 ternpore
342 2600 603 2690 delinito-'utque
629 2609 793 2690 periodum
823 2610 992 2669 maximum
1022 2615 1179 2688 statuunt,
1254 2627 1258 2644 *

180 2739 274 2802 quam
295 2720 395 2782 vitam
415 2717 521 2786 mundi
544 2717 713 2800 appeliant,
737 2724 769 2778 et
792 2717 842 2777 nui
861 2715 1028 2796 assignant
1043 2709 1181 2793 spatium

180 2845 332 2888 annorum
354 2826 484 2907 triginta
505 2845 566 2886 sex
592 2825 721 2885 millium
749 2822 922 2884 duodecies
949 2821 1062 2880 millies
1092 2837 1182 2882 sum-

180 2943 324 3016 ptorum3
347 2935 410 2996 hoo
431 2933 515 3014 opud
537 2950 594 2994 eos
618 2939 670 2992 ost
692 2929 928 3008 hdnarvdnum,
965 2925 1049 3006 quod
1078 2931 1180 2986 rerum
1253 2961 1256 2966 -

180 3041 268 3102 vires
297 3059 407 3102 omues
443 3035 680 3118 comprehendit
708 3043 741 3094 et
769 3034 863 3115 regit.
907 3031 1094 3094 Secundum
1122 3049 1183 3110 pe·-

136 3129 139 3133 ’
177 3146 285 3208 riodos
323 3165 397 3228 res,
440 3162 649 3226 quaecuuque
685 3143 724 3202 iis
767 3141 985 3230 eontinentur,
1026 3147 1058 3200 et
1081 3139 1183 3218 ipsae

180 3252 393 3317 extenduntur
430 3254 481 3312 vel
520 3251 757 3326 deminuuntur3
781 3314 785 3322 ,
813 3265 885 3308 nem
926 3233 1015 3307 vitoe
1050 3246 1082 3306 in
1122 3247 1184 3306 ini-

178 3364 222 3424 tio
243 3361 365 3424 reditus
387 3361 502 3440 longae
526 3365 617 3440 sunt,
660 3359 733 3438 quia
762 3365 838 3418 tuno
865 3356 984 3436 periodi
1012 3356 1182 3418 dilatentur
1265 3351 1268 3362 '

180 3477 214 3530 et
236 3469 325 3528 vires
354 3467 468 3546 vigore
489 3455 620 3544 pollent3
643 3472 676 3525 ot
696 3463 815 3524 breves
836 3463 914 3524 fiunt
943 3463 974 3523 in
1004 3463 1068 3522 line
1096 3459 1181 3520 redi-

182 3587 242 3652 tus
267 3577 342 3639 dum
363 3574 513 3657 periodus
535 3581 676 3634 arctetur
697 3578 730 3632 et
750 3569 922 3652 redituum,
945 3559 1074 3648 ”quibus
1095 3568 1182 3660 pitae

181 3687 323 3768 spatium.
353 3682 561 3762 deminuitur,
604 3693 756 3739 numerus
792 3682 936 3758 augetur.
983 3673 1070 3736 Nom
1098 3674 1185 3734 vires

187 3817 420 3834 m

195 3859 320 3953 §theco
348 3895 442 3953 operte
472 3901 527 3939 non
554 3899 666 3948 prorsus
696 3885 804 3950 integro
831 3882 872 3935 lrio
896 3893 996 3931 sensus
1022 3882 1112 3932 inesse
1142 3872 1185 3934 vl-

252 3986 338 4034 detur.
