3078 4964
692 574 732 584 ”-
775 559 833 601 vlu
876 571 916 584 *-

304 723 444 784 adhiberi
470 725 574 802 potuit
601 720 715 802 Beq'irii
749 722 875 783 lexicon
891 722 1165 804 geographiam,
1207 724 1301 802 qualo

305 852 321 890 a
348 831 396 892 lle
419 830 565 914 Guignes
595 835 624 892 in
652 833 730 893 Not.
756 840 789 890 et
817 829 907 890 Exit.
937 829 1001 888 νοΙ.
1039 829 1086 890 1v
1116 839 1303 909 excerptum

305 950 364 1000 est.
409 943 503 1002 iniis
526 943 608 1001 enim
638 941 751 1000 saliem
776 938 878 1018 locis,
909 955 988 1015 quos
1021 934 1123 1016 edidi,
1157 933 1303 1015 Baqilius

306 1045 503 1122 Qazviniurn
525 1047 567 1106 ad
588 1047 709 1104 literam
730 1043 947 1122 exscripsisse
968 1042 1119 1111 videtur.¹
1171 1076 1176 1084 ·

390 1201 527 1262 'l'extnm
551 1199 590 1276 nd
613 1199 760 1261 codicum
783 1197 877 1261 iidem
900 1203 1053 1281 qnarrlnm
1076 1197 1163 1278 potui
1193 1215 1304 1257 ernen-
1394 1215 1395 1222 ¹

305 1309 397 1386 ‹lavi3
421 1315 641 1367 remanserunt
662 1285 798 1366 nonnulli
820 1305 882 1366 loci
904 1325 1029 1366 manum
1060 1303 1306 1366 emendatricem

305 1415 516 1494 postulantes
559 1412 594 1473 ld
618 1423 722 1474 tamen
746 1432 807 1473 non
829 1414 916 1474 valet
939 1411 978 1491 rio
1006 1409 1191 1492 quibusdam
1213 1412 1306 1494 locis,

306 1521 358 1581 nbi
380 1523 558 1600 scriptores
580 1515 651 1601 ipsi,
689 1529 723 1582 ut
751 1521 781 1580 in
811 1518 966 1580 eiusmodi
994 1519 1079 1580 libris
1109 1517 1177 1580 lieri
1208 1523 1305 1602 solet,

305 1627 344 1687 ab
367 1629 524 1706 elegantis
546 1627 702 1686 sermonis
725 1627 844 1708 regulis
865 1625 968 1705 paullo
992 1623 1118 1686 liberius
1140 1627 1303 1688 recedunt.

305 1736 341 1793 ln
364 1733 620 1793 annotationibus
642 1732 682 1794 ad
704 1735 883 1820 porsionom
908 1731 1022 1794 additis
1039 1753 1077 1794 ea
1090 1743 1210 1795 tantum
1225 1753 1305 1814 spe-

306 1837 515 1908 cleronomi,
539 1857 622 1916 elnae
650 1847 705 1897 aut
734 1838 775 1898 ad
803 1840 991 1918 scriptorem
1020 1841 1203 1901 necessaria
1231 1861 1307 1902 esse

306 1953 360 2004 aut
382 1962 452 2004 oum
474 1945 524 2022 iis,
549 1963 631 2024 qnae
652 1926 784 2022 praesto*
802 1953 905 2026 erant,
928 1943 1125 2006 adminiculis
1139 1947 1199 2007 iam
1211 1949 1303 2027 plene

306 2050 422 2128 exponi
444 2067 541 2128 posse
562 2047 757 2129 viderentur,
780 2049 851 2110 aliis
872 2050 904 2110 in
913 2059 1073 2129 posterum
1094 2063 1221 2132 tempus
1232 2053 1306 2116 mihi
1382 2123 1388 2136 ,

306 2153 347 2215 orl
369 2155 585 2217 illustrandum
607 2155 790 2216 reservatis.

389 2287 472 2364 Ipsis
494 2285 682 2362 scriptorum
700 2284 780 2344 locis
795 2286 1025 2364 praemittenda
1035 2285 1202 2348 videbatur
1214 2305 1306 2348 com-

307 2391 469 2472 mentatio7
492 2391 523 2450 in
546 2405 609 2470 qna
630 2389 671 2450 all
693 2409 750 2450 eos
773 2391 885 2452 melius
905 2389 1211 2456 diiudicandosratio
1228 2395 1304 2472 red-

308 2501 434 2560 deretur
469 2497 509 2557 rie
541 2497 648 2578 vario,
683 2515 745 2577 qno
767 2487 897 2559 Arabes
926 2497 966 2558 ad
993 2499 1312 2570 rernm‘Indioarum

307 2605 520 2688 cognitionem
545 2605 758 2684 pervenerint,
789 2601 892 2664 modo.
915 2605 967 2666 Ex
992 2621 1031 2665 ea
1050 2605 1144 2664 simul
1165 2607 1303 2686 perspici

206 2717 210 2729 “
308 2721 428 2794 potest,
450 2713 525 2791 quid
546 2714 614 2772 iere
634 2712 799 2790 hucusque
819 2710 859 2771 (ie
885 2711 974 2772 India
1000 2713 1040 2773 ab
1062 2713 1307 2792 Arabibnsper-

309 2821 370 2900 cipi
392 2822 545 2902 potuerit,
576 2819 704 2900 etquid
727 2820 790 2881 loci
817 2839 836 2881 a
869 2839 920 2881 me
952 2819 1027 2881 editi
1057 2839 1095 2881 eo
1128 2821 1305 2884 conferant.

308 2928 358 2988 De
379 2926 533 2988 industria
552 2926 740 3006 posthabitis
762 2930 970 2990 recentiorum
992 2927 1032 2988 de
1054 2945 1094 2990 ea
1123 2947 1158 2988 re
1180 2931 1306 3010 opinio-

308 3035 409 3118 nibus,
433 3045 514 3116 qnas
536 3037 663 3118 longius
694 3053 862 3098 recensere
883 3045 914 3097 et
936 3055 1036 3116 saepe
1055 3036 1200 3098 refellere
1225 3055 1307 3118 ope-

215 3164 218 3169 ·
308 3159 363 3202 rae
384 3141 517 3222 pretinm
539 3162 600 3203 non
628 3141 814 3222 videbatur,
850 3143 934 3203 hanc
968 3144 1060 3204 unice
1094 3163 1136 3204 ex
1167 3141 1307 3207 fontibus

307 3244 396 3329 ipsis,
418 3250 537 3308 velex
558 3249 596 3308 iis
616 3247 713 3324 libris,
737 3251 787 3330 qni
809 3251 899 3312 nobis
921 3251 1053 3312 fontium
1081 3252 1151 3312 loco
1181 3251 1307 3313 haben«

309 3351 338 3411 oli
361 3362 434 3413 sunt
446 3397 458 3435 ,
501 3355 704 3414 conscribere
725 3354 844 3417 studui.
886 3356 1069 3419 Restriotus
1091 3376 1178 3432 eram
1207 3359 1244 3419 iis
1266 3359 1308 3419 li-

312 3458 388 3539 bris,
409 3457 453 3518 ael
471 3477 551 3538 qnos
575 3460 650 3520 mihi
671 3459 723 3520 hic
744 3446 805 3521 ioci
828 3460 931 3524 aditus
953 3463 1099 3542 patebat5
1130 3464 1201 3524 aliis
1222 3463 1307 3526 haud

307 3565 433 3646 paucis,
456 3584 539 3645 qnos
563 3565 603 3628 ad
632 3583 698 3628 rem
726 3585 829 3628 meam
859 3566 967 3628 iacere
994 3568 1079 3630 haud
1106 3570 1309 3653 ignorabam,

308 3673 408 3752 carni,
429 3683 526 3754 etque
548 3691 605 3734 eos
628 3674 754 3737 silentio
777 3674 911 3734 transire
933 3673 1041 3754 malui,
1065 3693 1158 3754 quam
1182 3695 1223 3738 ex
1244 3675 1324 3737 ali-·

309 3778 377 3838 onis
409 3779 452 3842 de
479 3782 517 3842 iis
557 3781 685 3842 referre.
727 3783 764 3842 ln
804 3780 854 3842 his
900 3783 983 3842 enim
1024 3783 1120 3844 rebus
1174 3784 1308 3862 potissi-

308 3905 390 3949 mum
411 3890 622 3968 spectandum
653 3897 717 3970 est,
751 3899 786 3952 ut
819 3892 942 3954 nonnisi
971 3900 1061 3956 certa
1089 3892 1254 3955 tradantur
1275 3901 1307 3955 et

310 4003 397 4056 cerlo
420 3994 513 4056 modo
535 4015 614 4058 vera
635 4012 654 4056 a
675 3993 768 4058 falsis
791 3994 1017 4058 discernantur.
