3002 4962
478 536 780 602 '-217-

167 724 271 806 gibbis
293 725 438 806 praediti,
461 726 512 806 qui
533 723 605 785 alibi
626 721 743 784 frustra
765 729 953 802 quaeruntur
975 732 1007 782 et
1031 721 1106 782 binc
1132 721 1163 781 in

167 831 386 894 liborasanam
423 839 455 892 et
483 831 626 892 Persium
665 828 875 909 deportantur.
918 829 970 889 Ex
999 829 1055 889 tali
1082 808 1163 889 enim

166 936 352 1000 admissario
375 947 407 998 ot
421 937 545 998 'camela
556 935 696 998 Arabica
710 935 848 1008 oriuntur
864 935 989 1018 cameli,
1012 935 1164 1016 quiKho-

167 1045 303 1105 rosanici
326 1043 479 1106 dicuntur.
601 1115 605 1124 Ι
956 1096 959 1104 .

249 1151 338 1214 Hmo
361 1150 451 1233 regio
474 1153 579 1234 ampla
601 1161 665 1234 est,
687 1151 845 1214 miraculis
868 1149 1041 1211 abundans.
1082 1150 1172 1210 Eius
1233 1185 1239 1190 -

166 1258 302 1320 ambitus
313 1257 373 1318 iter
387 1259 480 1334 trium
491 1259 645 1324 mensium
658 1267 775 1341 aequat
794 1259 825 1320 in
840 1256 1080 1342 longitudinem,
1103 1255 1164 1318 du-

166 1383 254 1424 orum
276 1365 306 1424 in
327 1364 523 1425 latitudinem
544 1383 649 1445 neque
670 1385 740 1426 cam
761 1366 823 1425 ulla
833 1374 917 1426 terra
929 1372 1061 1444 superat
1080 1363 1176 1426 mul-·

167 1468 300 1530 titudine
311 1471 464 1532 montium
482 1479 513 1546 et
537 1469 715 1531 fluviorum.
738 1470 859 1532 Plantis
883 1473 1036 1546 nobilibus
1050 1481 1081 1532 et
1093 1472 1165 1534 ani-

55 1637 59 1644 ,
165 1577 299 1636 malibus
317 1577 514 1648 ‚mirabilibus
535 1577 706 1658 singularis
729 1577 878 1638 redditur.
920 1579 973 1638 Ex
1002 1595 1042 1640 aa
1063 1578 1165 1640 omnis

167 1686 296 1766 generis
324 1705 377 1748 res
405 1687 566 1768 pretiosae
594 1685 625 1745 in
654 1685 791 1767 reliquas
819 1693 922 1747 terras
950 1691 1166 1767 exportantur,

166 1809 344 1874 qualiquam
365 1802 562 1872 mercatores
583 1794 706 1858 nonnisi
734 1793 775 1855 ad
795 1794 913 1874 primos
942 1775 1076 1857 tractus
1091 1813 1167 1874 per-

165 1898 313 1977 veniant3
334 1895 407 1960 narn
430 1917 501 1962 raro
529 1907 691 1960 nostrates
718 1907 881 1959 extremas
910 1919 1017 1962 eorum
1048 1899 1167 1962 adeunt

164 2007 326 2088 regiones,
342 2005 648 2088 quiainfidelessunt
661 2009 924 2088 etvitamatopes
934 2007 1167 2089 eripiunt.Hind

166 2121 199 2174 et
220 2110 299 2174 Sind
327 2113 442 2174 fratres
475 2113 566 2174 fuero
596 2135 614 2174 o
643 2112 714 2178 liliis
739 2113 843 2176 Yirfar
872 2116 925 2176 filii
954 2117 1077 2177 Joktan
1112 2090 1167 2178 lilii

164 2218 251 2278 Ham
272 2215 327 2277 filii
349 2217 454 2278 Noae.
497 2219 582 2304 Sunt
603 2228 719 2302 gentes
743 2220 945 2283 diversarum
966 2221 1165 2302 religionum.

165 2327 283 2388 Eorum
304 2325 355 2386 alii
379 2333 555 2387 creatorem
578 2328 700 2410 colunt,
721 2346 824 2408 neque
840 2336 946 2390 tamen
961 2323 1167 2408 prophetami
1197 2385 1213 2416 ,.

166 2433 219 2513 qui
239 2433 438 2502 Braluuanae
460 2442 553 2512 sunt,
584 2435 634 2494 alii
662 2454 771 2504 eorum
800 2433 955 2496 neutrum.
991 2436 1054 2495 Alii
1080 2433 1166 2495 idola
1174 2387 1217 2448 ⁷⁰
1302 2479 1307 2486 .

164 2547 372 2618 venerantur,
394 2538 446 2598 alii
467 2539 583 2620 lunam,
603 2538 657 2599 alii
676 2538 804 2618 ignem3
828 2537 953 2619 quidam
976 2540 1072 2599 etiam
1087 2557 1165 2618 pro-

165 2641 309 2705 miscuos
331 2645 515 2724 permittunt
543 2643 741 2706 concubitus.
783 2645 989 2706 Inveniuntur
1015 2643 1057 2704 ibi
1085 2643 1166 2704 inter

163 2751 288 2814 fossilis
313 2769 460 2834 gemmae
487 2751 664 2833 pretiosae,
701 2770 763 2814 noc
784 2751 899 2814 desunt
915 2751 1033 2811 herbae
1049 2751 1165 2832 singu-

163 2859 272 2940 lareS,
314 2858 460 2921 animalia
501 2858 678 2932 mirabilia.¹
720 2857 891 2944 Abuldhali
927 2855 1056 2921 Siudius
1091 2857 1165 2920 dum

162 2963 271 3026 Indiae
291 2965 441 3046 regiones
462 2965 622 3050 describit,
643 2965 763 3029 dicit:²

206 3066 379 3147 Neqcmnt
409 3074 534 3152 quidem
570 3075 698 3134 sodales
732 3079 796 3135 mei
827 3092 886 3135 nec
928 3081 1034 3136 tamea
1078 3077 1167 3136 istud

533 3183 846 3254 praestantissimam
866 3186 931 3258 eat,

208 3280 342 3356 Quando
364 3281 554 3345 laudabatur
573 3287 669 3346 India
689 3288 834 3365 Indoque
854 3292 974 3364 saqitta
993 3290 1029 3347 in
1055 3305 1165 3364 campo

541 3393 657 3452 caedis.

209 3496 273 3555 Per
293 3498 390 3555 citam
410 3493 535 3559 ineam!
559 3502 647 3556 terra
667 3503 735 3557 eet:
752 3499 788 3557 in
808 3488 904 3576 uuam
923 3499 956 3557 ai
971 3494 1082 3574 plavia
1106 3495 1165 3588 de·

493 3659 501 3670 ,
539 3603 630 3679 cidit,
865 3599 869 3605 “

168 3781 392 3798 Μ

183 3902 215 3970 2)
232 3904 383 3964 versuum,
412 3898 455 3960 qul
477 3899 624 3960 sequuntur
648 3899 760 3946 metrum
778 3899 821 3946 est
837 3891 927 3994 ω),
956 3902 985 3948 et
1015 3897 1120 3959 quaen
1151 3910 1167 3946 e

234 4027 314 4104 gajo
330 4022 424 4086 priori.
458 4019 559 4092 b'reyt.
580 4018 678 4072 Versk.
696 4017 760 4070 ²26.
