3042 4966
640 517 847 590 ...ffl-

240 694 372 778 interm
397 695 517 762 dieitur
537 697 712 762 autumas
735 697 865 782 erinon
890 699 924 764 in
947 701 1055 785 linere
1078 702 1160 766 erte
1186 718 1245 764 re·

242 818 375 886 guone,
394 813 460 868 eet
503 804 578 868 Non
599 797 704 868 nortem
723 807 769 868 ito
783 807 893 869 tettae
914 816 988 869 eunt
1004 808 1070 870 irae
1090 808 1243 872 mutatio·b

240 929 313 993 uos,
335 921 372 972 ut
390 931 453 973 mn
473 913 592 991 ultique
610 913 752 994 vestigio
771 913 992 994 rernnneeriut,
1016 931 1097 994 queo
1117 913 1243 975 mortniei

242 1015 287 1078 nd
305 1017 427 1081 Indiam
449 1019 608 1097 pertinere
628 1026 772 1102 possunt,
787 1014 1004 1106 *inditumque
1031 1001 1268 1082 nerrotioumtr‘

241 1111 396 1204 erigerem
418 1131 510 1186 extra
534 1122 666 1184 dubium·
681 1121 830 1202 pontimi.
871 1124 1017 1202 Alterum
1037 1124 1244 1206 mutatinum

217 1271 221 1278 ,
244 1247 346 1312 genus
366 1231 473 1310 ianne
481 1231 638 1310 pertinuit,
661 1240 694 1292 et
714 1231 824 1304 librum
844 1233 943 1293 multo
964 1231 1244 1313 mogiedopreva*

243 1337 292 1397 'vit
317 1335 453 1416 eiusque
482 1335 622 1398 ordinem
648 1339 852 1398 artificiosum
873 1338 1080 1418 perturbavit.
1122 1339 1244 1399 Multae

242 1445 329 1508 emm
350 1446 432 1507 elido
452 1449 650 1510 narrationes
670 1466 691 1507 a
709 1447 813 1538 veter-i
832 1454 966 1508 duotore
976 1463 1108 1529 prorsus
1120 1445 1244 1512 aliem

310 1689 463 1746 braioorum
479 1695 683 1760 peritissimum
705 1711 740 1748 ex
762 1695 891 1748 librorum
915 1697 1087 1749 Turcloorum
1109 1701 1243 1752 mentione

312 1789 428 1836 aetatem
445 1797 535 1847 opert·
553 1788 637 1838 multo
655 1790 834 1839 recentiorem
852 1789 923 1838 effici
931 1822 942 1853 ,
961 1792 988 1838 et
1006 1789 1153 1839 desiderari
1169 1791 1244 1840 luet
1342 1785 1354 1802 ‘

309 1883 404 1922 eorum
419 1875 548 1924 librorum
565 1873 738 1942 mentionem,
757 1891 836 1942 quae,
852 1880 875 1927 sl
893 1892 961 1941 opus
977 1881 1096 1929 luditum
1114 1881 1244 1942 originem

312 1969 493 2029 agnosceret,
533 1971 607 2017 esset
639 1970 831 2028 exspectanda.
866 1970 922 2018 Sed
944 1969 1055 2029 primum
1077 1970 1105 2018 in
1128 1971 1244 2030 editione

315 2055 390 2108 Galo.
409 2058 442 2104 de
459 2055 533 2105 libris
550 2056 681 2118 Turciois,
700 2071 766 2118 quos
783 2057 878 2120 premit
896 2061 1013 2124 sacyus,
1031 2060 1191 2120 etsyrlaois
1206 2059 1243 2110 nil

313 2147 424 2210 dieitur,
443 2152 555 2209 apparet
569 2148 696 2210 igituren
719 2161 792 2197 nove
804 2161 865 2198 esse
894 2149 1075 2200 additamenta
1090 2150 1117 2198 in
1136 2152 1245 2213 quibus·
1263 2159 1266 2174 ¹
1322 2205 1325 2212 ,

315 2237 374 2284 dom
393 2239 470 2285 codd,
489 2238 523 2284 ad
541 2236 674 2285 libidinem
691 2237 772 2286 lacte.
807 2238 860 2285 Sed
884 2237 940 2286 eins
963 2237 1091 2287 historiae
1114 2251 1244 2287 summum
1357 2221 1360 2232 ’

312 2327 371 2391 vel,
389 2331 419 2376 trt
434 2327 473 2376 ito
491 2327 585 2391 diuam,
603 2333 802 2396 argumentum,
821 2329 890 2392 quod
908 2341 996 2390 neque
1013 2330 1073 2379 addi
1085 2341 1171 2393 neque
1185 2343 1245 2380 mu·

313 2422 365 2470 teri
382 2415 499 2484 poteret,
518 2422 647 2484 originem
664 2425 780 2472 Indicam
799 2425 874 2473 certo
892 2423 999 2474 indicat.
1032 2426 1153 2474 Medicus
1175 2426 1244 2474 enim

314 2507 393 2573 libro,
411 2509 485 2559 ouius
502 2510 569 2558 folia
585 2524 693 2559 veneno
711 2511 810 2560 inlecta
828 2518 855 2560 et
872 2513 1058 2574 conglutinata
1080 2527 1097 2561 e
1118 2526 1186 2576 rege
1203 2515 1245 2562 di-

313 2601 375 2664 gitis
392 2601 484 2650 inore
501 2601 656 2649 madefuotis
673 2599 860 2665 solvebantur,
877 2613 969 2662 regem
992 2605 1080 2650 necat.
1110 2599 1185 2663 Quae
1198 2614 1246 2649 ra-

279 2708 284 2726 ·
305 2692 352 2742 ‘tlo
367 2691 546 2742 internoieudi
567 2691 635 2740 mira
651 2703 717 2739 saue
736 2695 792 2755 eet,
808 2703 896 2751 neque
918 2689 1034 2739 reliditer
1061 2673 1187 2754 invenie,
1222 2689 1246 2738 si

315 2789 425 2834 noetro's
440 2785 487 2834 vel
500 2771 616 2832 Arabum
634 2784 717 2833 libros
735 2785 893 2832 chartaceos
912 2781 955 2831 vei
973 2773 1192 2832 membranaceos
1203 2782 1246 2832 in-

313 2875 401 2938 telligi
417 2876 504 2924 ‘voluit
521 2879 625 2927 auctor.
659 2877 772 2924 Nonnisi
789 2875 814 2923 in
832 2875 915 2924 libros
931 2875 1037 2922 Indicos
1054 2875 1080 2922 id
1097 2873 1183 2937 vaiet,
1200 2877 1246 2926 fo-

315 2965 357 3013 liis
373 2965 536 3026 eompositos
553 2964 749 3025 auripigmento
772 2964 908 3012 virulento
932 2961 997 3012 illini
1020 2963 1123 3027 solitis,
1155 2977 1207 3026 quo
1229 2977 1246 3013 a

310 3055 432 3105 'formicis
454 3055 589 3116 (Termes
610 3055 717 3119 fatalis
739 3055 823 3104 [dna.
841 3057 911 3114 opud
927 3059 1070 3104 nostrates
1093 3057 1167 3105 audit
1189 3057 1245 3106 oui·

315 3143 473 3202 maldnlnm)
490 3147 642 3195 serventur.
659 3146 744 3210 Porro
763 3159 787 3206 p.
803 3146 848 3196 ¹57.
866 3147 891 3194 iu
910 3153 991 3196 nocte
1007 3147 1138 3209 vigesima
1157 3149 1249 3210 quinta

272 3258 275 3270 v
317 3237 355 3285 nit
372 3235 474 3285 incolae
493 3237 563 3284 urbis
586 3237 757 3299 incantatae,
775 3238 818 3300 qui
835 3239 861 3286 in
879 3237 967 3298 pisces
991 3247 1105 3302 quatuor
1127 3241 1247 3291 colorum

317 3329 411 3376 mutati
440 3331 547 3390 tenent,
580 3326 707 3391 ludaeos,
736 3328 911 3393 Christianos,
936 3329 1076 3380 Muslimos
1098 3337 1125 3381 et
1152 3333 1249 3380 Persas

317 3437 422 3500 vocari,
440 3449 528 3498 neque
544 3439 634 3486 Indos.
669 3437 759 3485 Locus
777 3423 821 3487 'est'
835 3440 858 3503 l,
876 3427 926 3490 lto
944 3441 1010 3489 llab.
1029 3441 1083 3516 {ted
1109 3441 1166 3489 tota
1183 3451 1249 3486 nar-

212 3597 218 3602 ,
284 3523 288 3543 ’
318 3545 388 3594 ratio
406 3545 474 3594 bene
492 3545 604 3606 intelligi
621 3544 721 3608 nequit,
736 3545 786 3595 nisi
809 3546 927 3610 solatur,
950 3550 985 3596 de
1007 3548 1072 3596 urbe
1095 3546 1187 3594 ludica
1208 3544 1250 3594 ltin

318 3637 364 3698 ogi
381 3642 494 3698 quotuor
512 3638 629 3688 tribubus
648 3639 867 3696 Brahtnennrunr,
884 3640 1069 3704 Xatriyorum,
1083 3639 1250 3703 Vaieyarum

318 3732 347 3777 et
371 3727 520 3797 (Judrarum
550 3731 695 3789 inhabitata
717 3735 745 3780 ot
768 3734 853 3780 totam
874 3732 1055 3782 narrationem
1078 3732 1167 3779 ortam
1190 3739 1250 3778 esso

323 3829 359 3870 ex
374 3817 435 3868 lusu
452 3819 608 3886 verborum,
627 3819 670 3882 qui
684 3820 793 3872 nonnisi
808 3821 833 3868 in
860 3820 955 3884 lingua
983 3819 1117 3868 sanslrrite
1140 3817 1251 3882 exprimi

322 3913 421 3970 potest.
455 3907 587 3958 Vocabuli
626 3910 695 3958 enim
722 3909 867 3976 eanskriti,
896 3911 965 3974 quod
990 3909 1084 3959 tribum
1107 3909 1251 3984 significat,

286 4063 297 4068 ,,
320 3990 387 4082 eui,
407 4015 448 4066 vrs
465 4016 650 4092 primartauest
667 4017 786 4070 catoris.
799 4015 1011 4066 coloresautem
1022 4015 1099 4064 tieem
1110 4015 1252 4071 dominan-
